4088 6270
894 512 940 521 ·-
999 492 1072 560 344
1114 513 1174 537 ’-

168 692 283 747 torum
307 679 570 764 philosophiae,
594 675 797 760 theologiae
825 695 867 738 ac
894 675 994 737 iuris·
1033 725 1036 779 ,
1075 696 1103 740 c.
1116 697 1142 739 r.
1156 696 1248 740 anno
1262 678 1501 759 praecedente
1518 678 1648 740 emisso
1665 679 1844 744 innitebatu

1032 782 1036 833 ¹
1073 798 1247 862 beneficia
1263 810 1395 880 curata,
1420 811 1493 862 tam
1510 801 1772 884 Raigradiense
1793 822 1845 883 qua

168 805 377 887 prudentiae
394 801 590 865 studiorum
611 818 719 862 causa
738 797 882 878 missus,
903 796 994 858 inter

168 926 299 1007 primos
316 926 366 988 sic
383 923 562 1004 excelluit,
578 933 619 985 ut
630 921 811 1004 ingenium
824 921 870 980 ad
882 917 994 980 scien·
1072 920 1355 984 Domasoviense
1368 933 1404 984 et
1417 920 1717 986 Ostrovacicense
1734 923 1846 1007 (Nigrol

167 1048 391 1132 tiasegregie
402 1055 646 1128 comparatum
657 1042 762 1104 facile
774 1039 994 1104 adverterint
1031 1086 1035 1105 .
1073 1041 1288 1104 monasterio
1304 1043 1340 1104 in
1357 1054 1572 1124 perpetuum
1588 1044 1688 1107 unita
1703 1056 1789 1107 sunt
1806 1046 1846 1108 Tu

167 1171 272 1253 periti
295 1189 411 1233 rerum
434 1166 690 1229 aestimatores.
722 1163 993 1229 Sublimioribus
1073 1162 1180 1225 variis
1197 1164 1444 1227 cumulabatur
1457 1174 1579 1228 noster
1592 1166 1809 1247 praepositus
1821 1188 1846 1249 p:

167 1295 221 1357 his
243 1293 396 1356 emensis
418 1288 544 1352 studiis
565 1289 647 1351 Kal.
664 1284 876 1349 Novembris
900 1302 992 1346 anno
1072 1285 1213 1367 vilegiis
1234 1306 1256 1346 a
1276 1287 1362 1348 sede
1384 1285 1680 1368 apostolica.'Sic
1700 1287 1846 1370 impetrat

172 1422 250 1496 1735
268 1423 456 1496 neomysta
471 1413 516 1472 ad
533 1430 630 1472 aram
647 1408 756 1489 stetit,
778 1418 814 1470 et
829 1425 921 1469 anno
938 1424 992 1467 se·
1072 1428 1093 1468 a
1116 1407 1312 1470 Benedicto
1339 1407 1424 1472 XII.
1453 1408 1695 1492 indulgentias
1723 1410 1846 1491 plenarii

168 1536 291 1621 quenti
303 1537 482 1598 Braunam
494 1542 642 1594 vocatus
659 1529 799 1592 scholas
811 1527 992 1591 humanio·
1030 1562 1033 1615 1
1072 1530 1364 1592 semeldemense
1375 1549 1482 1611 super
1492 1550 1597 1594 cruce
1610 1531 1780 1612 pectorali
1792 1533 1846 1615 (ori

168 1679 224 1721 res
240 1658 289 1721 ibi
302 1658 442 1720 tradere
460 1666 513 1718 est
527 1655 652 1733 iussuS,
670 1653 731 1714 ubi
743 1661 849 1715 antea
862 1672 907 1714 ex
921 1671 993 1713 am·
1031 1670 1034 1763 q
1072 1654 1216 1714 membr.
1233 1653 1300 1713 sub
1317 1649 1359 1714 Ο.
1376 1673 1410 1735 g.
1427 1673 1467 1730 4²
1486 1654 1605 1733 arch),
1621 1672 1688 1735 pro
1705 1672 1744 1715 se
1758 1654 1846 1736 suisqr

81 1764 84 1771 ¹
166 1783 259 1844 bone
275 1801 340 1863 per
355 1790 435 1842 octo
451 1797 563 1840 annos
582 1778 629 1839 ad
648 1775 820 1857 populum
840 1773 992 1836 dicebat.
1031 1838 1035 1895 ι
1072 1773 1338 1836 successoribus
1371 1774 1405 1836 in
1437 1785 1666 1857 perpetuum,
1701 1778 1746 1837 ab
1774 1778 1847 1839 eodo

167 1903 246 1984 Quo
263 1903 298 1965 in
315 1901 444 1964 scholis
465 1909 646 1980 pertracto
667 1916 759 1959 anno
783 1896 889 1976 paulo
911 1906 993 1975 post
1032 1898 1035 1985 l
1072 1915 1168 1978 papa
1184 1896 1304 1976 (breve
1321 1897 1365 1958 de
1383 1896 1440 1959 die
1458 1918 1507 1976 ²9·
1521 1897 1626 1960 Mart.
1644 1898 1726 1960 anni
1742 1901 1819 1978 1757)
1829 1898 1847 1960 t

167 2026 213 2088 ob
239 2044 389 2087 examen
412 2022 540 2084 missus
567 2021 612 2082 ad
634 2017 883 2081 monasterium
899 2015 994 2078 Poli-
1073 2019 1240 2080 cultatem
1266 2018 1504 2081 benedicendi
1527 2020 1572 2081 de
1596 2019 1739 2085 licentia
1760 2021 1847 2082 ordina

167 2165 288 2227 cense,
312 2145 372 2207 ubi
398 2143 627 2207 concionibus
650 2139 802 2203 vacandi
826 2137 993 2201 sodalita·
1073 2139 1202 2201 riorum
1211 2159 1299 2201 vasa
1308 2158 1419 2220 sacra,
1428 2160 1622 2221 campanas
1637 2151 1674 2203 et
1684 2151 1847 2223 paramenti

166 2277 308 2351 temque
324 2267 449 2329 Matris
462 2265 658 2327 Dolorosae
674 2260 881 2325 moderandi
896 2280 993 2322 man·
1072 2298 1115 2306 -
1132 2260 1238 2322 etiam
1255 2260 1416 2322 adhibito
1433 2281 1535 2324 sacro
1552 2263 1631 2325 oleo
1648 2272 1685 2325 et
1701 2263 1847 2325 chrismate

167 2391 288 2452 datum
303 2388 453 2470 accepit.
478 2386 551 2450 Sed
564 2404 628 2448 nec
640 2384 697 2446 hie
711 2382 771 2445 diu
784 2384 993 2463 permanere
1072 2384 1177 2445 modo
1204 2384 1271 2445 hoc
1295 2383 1396 2465 prius
1422 2403 1487 2465 per
1513 2385 1668 2466 aliquem
1692 2386 1847 2449 catholicin

167 2511 292 2595 potuit.
327 2511 487 2573 Labente
515 2508 607 2571 enim
634 2525 726 2569 anno
758 2510 836 2584 1737
865 2504 993 2566 iterum
1031 2482 1034 2615 1
1073 2505 1268 2568 antistitem
1286 2505 1486 2569 confectum
1498 2506 1605 2570 fuerit
1624 2507 1721 2591 (orig.
1734 2504 1847 2587 subdg

167 2635 345 2697 Braunam
369 2642 549 2712 evocatus,
573 2627 818 2711 philosophiae
841 2625 992 2706 primum
1031 2618 1034 2725 1
1072 2630 1140 2707 40);
1154 2648 1273 2691 —nec
1283 2627 1568 2694 nonfacultatem
1579 2632 1768 2711 (perbreve
1778 2638 1847 2710 apost

167 2777 303 2819 summa
323 2776 402 2819 curn
418 2755 523 2816 laude
539 2750 776 2835 professorem
793 2751 883 2832 egit,
907 2748 993 2810 Bre-
1072 2751 1143 2812 dto.
1156 2749 1296 2812 Romae
1311 2771 1360 2830 27·
1375 2749 1474 2832 Sept.
1489 2752 1649 2815 eiusdem
1665 2753 1754 2833 anni)
1768 2753 1847 2833 imper

167 2878 287 2941 vnovii
299 2876 515 2958 theologiam
528 2874 656 2937 deinde
668 2873 788 2935 docuit
801 2882 837 2934 et
849 2871 992 2934 tandem
1071 2873 1182 2935 tiendi
1217 2872 1456 2956 indulgentias
1488 2894 1530 2953 40
1559 2875 1695 2938 dierum
1726 2874 1848 2938 omnibus

167 3000 298 3063 ibidem
314 2998 520 3080 subprioriS,
542 2994 731 3059 archivarii
752 3002 789 3056 et
804 2992 992 3055 bibliothe·
1071 2995 1141 3076 qui,
1158 2995 1340 3076 praestitis
1356 2997 1592 3079 praestandis,
1609 2998 1736 3061 missae
1751 2990 1848 3080 pontifi·

167 3122 262 3203 carii,
279 3122 387 3184 totius
401 3116 689 3203 congregationis
700 3113 992 3178 Moravico·Boe·
1071 3116 1138 3180 cali
1154 3117 1339 3180 intersunt.
1364 3116 1519 3199 Speciali
1541 3120 1659 3201 gratia
1678 3120 1801 3183 Romae
1815 3116 1848 3178 in·

166 3245 278 3306 micae
294 3263 324 3305 o.
338 3264 364 3307 s.
378 3244 419 3306 B.
436 3241 627 3321 secretarii,
643 3249 679 3302 et
694 3237 846 3301 finaliter
863 3256 992 3319 „agen
1071 3247 1250 3319 petrarum
1267 3259 1395 3321 corpus
1412 3237 1448 3303 S.
1465 3240 1513 3302 M.
1530 3240 1774 3321 Defendentis,
1793 3236 1848 3320 quoi

135 3418 139 3426 .
166 3366 212 3428 tis
228 3385 413 3428 causarum
429 3362 581 3425 ordinis“
604 3379 748 3423 munere
764 3359 925 3421 Viennae
941 3358 992 3420 in·
1071 3360 1191 3422 Bruna
1222 3360 1459 3443 Raigradium
1495 3350 1722 3444 apportabat
1739 3364 1774 3426 Ρ.
1796 3360 1848 3423 Her·

166 3487 268 3549 simul
285 3487 443 3549 decorari
459 3485 595 3564 meruit,
621 3504 690 3565 quo
715 3483 751 3545 in
772 3481 889 3544 officio
906 3502 991 3564 qua·
1030 3416 1033 3577 1
1071 3502 1220 3545 mannus
1251 3482 1446 3547 Schneider
1477 3484 1566 3566 prof.
1597 3486 1768 3549 Brevnov.
1791 3482 1848 3564 prior

166 3627 242 3671 tuor
257 3609 368 3671 ferme
384 3609 485 3671 annis
498 3608 659 3669 Viennae
672 3594 838 3687 perstitit.
863 3603 938 3669 Sub
955 3605 991 3666 id
1029 3584 1033 3677 Ῐ
1070 3604 1255 3688 Raigrad,
1273 3592 1488 3670 sollemniter
1503 3607 1538 3669 in
1552 3609 1658 3671 altari
1670 3629 1697 3672 s.
1710 3599 1848 3670 Benedici¹

165 3731 335 3812 temporis
351 3730 511 3812 contigit,
528 3741 566 3791 ut
582 3738 727 3791 vacaret
743 3727 991 3808 praepositura
1029 3694 1033 3781 1
1071 3729 1265 3791 collocatur
1289 3729 1335 3810 (in
1358 3729 1452 3792 festo
1476 3750 1502 3792 s.
1525 3749 1551 3793 s.
1570 3731 1752 3794 Trinitatis
1769 3735 1792 3792 5.
1804 3726 1849 3789 lun.

164 3852 447 3935 Raigradiensis.
472 3852 568 3931 Ideo,
591 3862 628 3912 ut
644 3849 761 3930 moriS,
783 3870 804 3911 a
826 3868 991 3930 suprema
1029 3786 1032 3923 !
1071 3849 1153 3912 anni
1174 3852 1264 3929 1757)
1290 3861 1326 3913 et
1349 3871 1441 3913 anno
1464 3856 1547 3931 1759
1565 3872 1694 3935 corpus
1709 3872 1735 3916 s.
1751 3846 1849 3915 Felicis

165 3975 245 4036 aula
261 3974 367 4036 alium
384 3973 540 4055 eligendi
556 3971 799 4054 praepositum
819 3970 912 4033 illico
929 3990 990 4052 pe·
1029 3940 1032 4049 s
1070 3971 1147 4034 simi
1160 3971 1207 4034 M.
1221 3992 1328 4053 super
1344 3992 1441 4035 aram
1455 3994 1481 4037 s.
1496 3975 1743 4039 Scholasticae.
1759 3972 1849 4037 Omall

163 4097 249 4159 titur
264 4096 417 4177 licentia,
439 4116 509 4178 qua
526 4096 683 4176 obtenta,
704 4094 832 4175 dieque
849 4093 991 4156 electio·
1029 4074 1032 4167 1
1071 4095 1120 4157 sic
1149 4096 1317 4157 decenter
1344 4094 1495 4157 ecclesia
1523 4095 1632 4159 etiam
1659 4097 1728 4160 alia
1752 4087 1849 4175 negotia

162 4219 216 4280 nis
232 4218 374 4300 indicta,
397 4216 645 4298 praesentibus
662 4216 771 4298 regiis
787 4216 990 4278 commissa·
1029 4176 1032 4317 Ξ
1070 4236 1140 4278 non
1164 4216 1280 4278 omisit
1301 4217 1528 4298 praepositus
1550 4219 1798 4282 Bonaventura.
1816 4207 1849 4274 Sit

162 4341 222 4403 riis
239 4340 394 4403 unanimi
414 4338 562 4401 fratrum
585 4339 720 4401 calculo
737 4339 989 4401 Bonaventura
1070 4357 1162 4400 anno
1183 4341 1263 4417 1760
1279 4348 1424 4418 pontem
1440 4339 1623 4421 lapideum
1644 4361 1748 4423 super
1763 4336 1849 4401 flumen

162 4463 196 4526 in
224 4462 414 4525 Aemiliani
445 4461 641 4544 praepositi
671 4461 842 4544 resignati
874 4461 988 4522 locum
1028 4434 1031 4561 Ι
1070 4446 1261 4539 Svarcava,
1278 4480 1390 4542 usque
1404 4461 1438 4523 in
1452 4462 1662 4525 hodiernum
1675 4462 1820 4526 intactum
1829 4458 1849 4512 el

161 4584 330 4648 suffectus
348 4586 410 4664 (25.
428 4585 544 4664 Mart.)
558 4594 594 4646 et
612 4604 658 4648 10.
672 4583 766 4666 Aug.
784 4584 819 4645 in
837 4583 989 4645 ecclesia
1027 4612 1030 4657 ÷
1068 4581 1219 4663 firmum,
1244 4583 1459 4653 construxit;
1487 4583 1572 4646 villa
1600 4596 1722 4648 nostra
1742 4579 1849 4659 Raigra·

161 4707 554 4790 decanaliVyskovien.
571 4727 592 4768 a
608 4708 702 4769 card.
716 4726 770 4787 ep.
783 4705 988 4770 Olomucen.
1069 4705 1201 4768 diensis
1223 4706 1396 4768 ecclesiae
1417 4707 1586 4787 opposita
1612 4727 1633 4769 a
1658 4694 1849 4770 fundamentis

161 4830 297 4912 Troyer
309 4828 536 4891 abbatialiter
547 4828 757 4890 benedictus
771 4839 807 4891 et
819 4827 988 4890 infulatus
1067 4825 1248 4890 aedificari
1271 4838 1400 4908 coepta
1423 4830 1469 4890 ad
1493 4828 1676 4912 fastigium
1700 4823 1847 4892 deducitur,

161 4963 224 5013 est.
255 4949 356 5032 Quae
380 4950 415 5012 in
436 4950 639 5012 monasterii
663 4950 774 5012 nostri
799 4949 988 5012 utilitatem
1068 4949 1173 5012 turris
1190 4950 1364 5013 ecclesiae
1380 4970 1472 5015 mon.
1491 4950 1636 5014 sinistra
1651 4951 1807 5024 inclinata,
1820 4952 1846 5000 1¹⁰

159 5073 320 5155 perfecit,
333 5072 594 5154 praemittenda
606 5082 783 5153 putamus,
797 5083 987 5153 antequam
1026 5076 1028 5085 '
1067 5072 1199 5134 maiora
1213 5083 1356 5153 pararet
1369 5074 1507 5154 damna,
1521 5086 1706 5154 reparatur
1717 5082 1749 5133 et
1759 5053 1844 5147 911111

160 5214 270 5277 opera
298 5195 372 5257 eius
400 5194 571 5264 litteraria
598 5193 711 5257 fusius
739 5214 803 5275 per
828 5194 986 5257 ordinem
1067 5215 1180 5257 novus
1196 5195 1387 5276 imponitur
1399 5197 1524 5276 nodus,
1541 5164 1597 5259 dui
1613 5195 1746 5258 libellus
1756 5197 1842 5253 meno

160 5317 394 5379 describenda
407 5316 644 5399 aggredimur.
665 5317 771 5379 Anno
789 5319 868 5394 1756
884 5315 920 5378 vi
932 5335 986 5377 re·
1065 5317 1161 5379 rialis
1188 5318 1387 5380 includitur.
1424 5317 1556 5399 Sicque
1588 5305 1839 5380 11011111111111(1

159 5439 283 5520 scripti
300 5459 328 5502 c.
345 5459 370 5500 r.
394 5440 437 5500 de
455 5439 512 5501 die
534 5443 584 5501 25.
601 5437 690 5518 Apr.
714 5440 820 5520 (quod
841 5439 985 5500 decreto
1024 5456 1027 5518 7
1065 5439 1141 5500 nori
1157 5441 1446 5520 perabundanter
1462 5439 1642 5520 provisum
1661 5437 1783 5510 fuisset,
1798 5414 1836 5486 1151
