<?xml version="1.0" encoding="UTF-8"?>
<!DOCTYPE html PUBLIC "-//W3C//DTD XHTML 1.0 Transitional//EN"
    "http://www.w3.org/TR/xhtml1/DTD/xhtml1-transitional.dtd">
<html xmlns="http://www.w3.org/1999/xhtml" xml:lang="en" lang="en">
 <head>
  <title>
</title>
<meta http-equiv="Content-Type" content="text/html;charset=utf-8" />
  <meta name='ocr-system' content='tesseract 3.04.00' />
  <meta name='ocr-capabilities' content='ocr_page ocr_carea ocr_par ocr_line ocrx_word'/>
</head>
<body>
  <div class='ocr_page' id='page_1' title='image "./scriptoresordin00benegoog_0178.png"; bbox 0 0 4088 6270; ppageno 0'>
   <div class='ocr_carea' id='block_1_1' title="bbox 871 487 1127 559">
    <p class='ocr_par' dir='ltr' id='par_1_1' title="bbox 871 487 1127 559">
     <span class='ocr_line' id='line_1_1' title="bbox 871 487 1127 559; baseline 0.012 -43"><span class='ocrx_word' id='word_1_1' title='bbox 871 487 1127 559; x_wconf 65' lang='lat'>„45.„</span> 
     </span>
    </p>
   </div>
   <div class='ocr_carea' id='block_1_2' title="bbox 160 667 957 2218">
    <p class='ocr_par' dir='ltr' id='par_1_2' title="bbox 160 667 957 2218">
     <span class='ocr_line' id='line_1_2' title="bbox 160 667 957 753; baseline -0.003 -19"><span class='ocrx_word' id='word_1_2' title='bbox 160 678 318 753; x_wconf 86' lang='lat' dir='ltr'>aegrotans</span> <span class='ocrx_word' id='word_1_3' title='bbox 338 667 560 751; x_wconf 85' lang='lat' dir='ltr'>praecordiis</span> <span class='ocrx_word' id='word_1_4' title='bbox 576 679 785 751; x_wconf 85' lang='lat' dir='ltr'>conceptam</span> <span class='ocrx_word' id='word_1_5' title='bbox 806 679 957 733; x_wconf 90' lang='lat' dir='ltr'>mortem</span> 
     </span>
     <span class='ocr_line' id='line_1_3' title="bbox 163 790 957 874; baseline -0.003 -18"><span class='ocrx_word' id='word_1_6' title='bbox 163 793 211 856; x_wconf 87' lang='lat' dir='ltr'>iam</span> <span class='ocrx_word' id='word_1_7' title='bbox 229 790 440 865; x_wconf 88' lang='lat' dir='ltr'>continebat;</span> <span class='ocrx_word' id='word_1_8' title='bbox 465 791 545 854; x_wconf 90' lang='lat' dir='ltr'>Deo</span> <span class='ocrx_word' id='word_1_9' title='bbox 565 810 650 854; x_wconf 91' lang='lat' dir='ltr'>vero</span> <span class='ocrx_word' id='word_1_10' title='bbox 670 791 827 874; x_wconf 92' lang='lat' dir='ltr'>propitio</span> <span class='ocrx_word' id='word_1_11' title='bbox 849 812 957 855; x_wconf 92' lang='lat' dir='ltr'>sanus</span> 
     </span>
     <span class='ocr_line' id='line_1_4' title="bbox 163 913 957 997; baseline -0.001 -18"><span class='ocrx_word' id='word_1_12' title='bbox 163 915 248 979; x_wconf 85' lang='lat' dir='ltr'>lactus</span> <span class='ocrx_word' id='word_1_13' title='bbox 267 923 348 997; x_wconf 90' lang='lat' dir='ltr'>post</span> <span class='ocrx_word' id='word_1_14' title='bbox 370 913 573 976; x_wconf 89' lang='lat' dir='ltr'>absolutum</span> <span class='ocrx_word' id='word_1_15' title='bbox 596 914 748 996; x_wconf 81' lang='lat' dir='ltr'>primum</span> <span class='ocrx_word' id='word_1_16' title='bbox 767 914 957 978; x_wconf 81' lang='lat' dir='ltr'>triennium</span> 
     </span>
     <span class='ocr_line' id='line_1_5' title="bbox 163 1035 957 1120; baseline -0.003 -19"><span class='ocrx_word' id='word_1_17' title='bbox 163 1036 352 1120; x_wconf 80' lang='lat' dir='ltr'>professurae</span> <span class='ocrx_word' id='word_1_18' title='bbox 387 1054 474 1098; x_wconf 92' lang='lat' dir='ltr'>suae</span> <span class='ocrx_word' id='word_1_19' title='bbox 508 1035 734 1118; x_wconf 85' lang='lat' dir='ltr'>theologicae</span> <span class='ocrx_word' id='word_1_20' title='bbox 763 1036 957 1099; x_wconf 89' lang='lat' dir='ltr'>humillime</span> 
     </span>
     <span class='ocr_line' id='line_1_6' title="bbox 168 1157 957 1241; baseline -0.001 -18"><span class='ocrx_word' id='word_1_21' title='bbox 168 1165 220 1239; x_wconf 74' lang='lat'>¹7⁶¹</span> <span class='ocrx_word' id='word_1_22' title='bbox 244 1157 444 1241; x_wconf 90' lang='lat' dir='ltr'>praeposito</span> <span class='ocrx_word' id='word_1_23' title='bbox 473 1157 749 1221; x_wconf 90' lang='lat' dir='ltr'>Bonaventurae</span> <span class='ocrx_word' id='word_1_24' title='bbox 777 1159 957 1241; x_wconf 91' lang='lat' dir='ltr'>supplica-</span> 
     </span>
     <span class='ocr_line' id='line_1_7' title="bbox 164 1281 957 1363; baseline 0.001 -19"><span class='ocrx_word' id='word_1_25' title='bbox 164 1285 214 1361; x_wconf 85' lang='lat' dir='ltr'>bat,</span> <span class='ocrx_word' id='word_1_26' title='bbox 226 1292 257 1342; x_wconf 90' lang='lat' dir='ltr'>ut</span> <span class='ocrx_word' id='word_1_27' title='bbox 266 1281 366 1363; x_wconf 92' lang='lat' dir='ltr'>hanc,</span> <span class='ocrx_word' id='word_1_28' title='bbox 383 1300 490 1362; x_wconf 89' lang='lat' dir='ltr'>quam</span> <span class='ocrx_word' id='word_1_29' title='bbox 505 1300 570 1362; x_wconf 91' lang='lat' dir='ltr'>per</span> <span class='ocrx_word' id='word_1_30' title='bbox 585 1291 658 1344; x_wconf 92' lang='lat' dir='ltr'>tres</span> <span class='ocrx_word' id='word_1_31' title='bbox 674 1300 787 1343; x_wconf 90' lang='lat' dir='ltr'>annos</span> <span class='ocrx_word' id='word_1_32' title='bbox 799 1283 844 1345; x_wconf 91' lang='lat' dir='ltr'>de</span> <span class='ocrx_word' id='word_1_33' title='bbox 860 1302 957 1345; x_wconf 87' lang='lat' dir='ltr'>man·</span> 
     </span>
     <span class='ocr_line' id='line_1_8' title="bbox 165 1401 956 1486; baseline 0 -20"><span class='ocrx_word' id='word_1_34' title='bbox 165 1406 225 1466; x_wconf 86' lang='lat' dir='ltr'>dato</span> <span class='ocrx_word' id='word_1_35' title='bbox 239 1401 469 1466; x_wconf 86' lang='lat' dir='ltr'>confratribus</span> <span class='ocrx_word' id='word_1_36' title='bbox 485 1403 722 1484; x_wconf 87' lang='lat' dir='ltr'>praelegerat,</span> <span class='ocrx_word' id='word_1_37' title='bbox 739 1404 956 1486; x_wconf 85' lang='lat' dir='ltr'>theologiam</span> 
     </span>
     <span class='ocr_line' id='line_1_9' title="bbox 165 1524 955 1607; baseline 0 -19"><span class='ocrx_word' id='word_1_38' title='bbox 165 1525 291 1607; x_wconf 86' lang='lat' dir='ltr'>publicae</span> <span class='ocrx_word' id='word_1_39' title='bbox 325 1524 559 1607; x_wconf 86' lang='lat' dir='ltr'>disputationi</span> <span class='ocrx_word' id='word_1_40' title='bbox 594 1543 774 1606; x_wconf 88' lang='lat' dir='ltr'>exponere</span> <span class='ocrx_word' id='word_1_41' title='bbox 809 1526 955 1588; x_wconf 90' lang='lat' dir='ltr'>valeret.</span> 
     </span>
     <span class='ocr_line' id='line_1_10' title="bbox 166 1646 957 1729; baseline -0.001 -20"><span class='ocrx_word' id='word_1_42' title='bbox 166 1646 269 1709; x_wconf 88' lang='lat' dir='ltr'>Dictam</span> <span class='ocrx_word' id='word_1_43' title='bbox 301 1665 443 1728; x_wconf 90' lang='lat' dir='ltr'>quoque</span> <span class='ocrx_word' id='word_1_44' title='bbox 475 1647 694 1729; x_wconf 88' lang='lat' dir='ltr'>theologiam</span> <span class='ocrx_word' id='word_1_45' title='bbox 720 1667 785 1729; x_wconf 91' lang='lat' dir='ltr'>per</span> <span class='ocrx_word' id='word_1_46' title='bbox 813 1649 957 1709; x_wconf 89' lang='lat' dir='ltr'>modum</span> 
     </span>
     <span class='ocr_line' id='line_1_11' title="bbox 166 1767 957 1852; baseline 0.003 -22"><span class='ocrx_word' id='word_1_47' title='bbox 166 1767 279 1831; x_wconf 85' lang='lat' dir='ltr'>thesium</span> <span class='ocrx_word' id='word_1_48' title='bbox 307 1769 511 1852; x_wconf 89' lang='lat' dir='ltr'>expositam</span> <span class='ocrx_word' id='word_1_49' title='bbox 543 1769 748 1852; x_wconf 88' lang='lat' dir='ltr'>praeposito</span> <span class='ocrx_word' id='word_1_50' title='bbox 780 1769 957 1832; x_wconf 90' lang='lat' dir='ltr'>submittit</span> 
     </span>
     <span class='ocr_line' id='line_1_12' title="bbox 165 1891 956 1974; baseline 0.003 -24"><span class='ocrx_word' id='word_1_51' title='bbox 165 1900 189 1951; x_wconf 90' lang='lat' dir='ltr'>et</span> <span class='ocrx_word' id='word_1_52' title='bbox 202 1901 353 1972; x_wconf 84' lang='lat' dir='ltr'>paternae</span> <span class='ocrx_word' id='word_1_53' title='bbox 369 1891 621 1974; x_wconf 87' lang='lat' dir='ltr'>adprobationi</span> <span class='ocrx_word' id='word_1_54' title='bbox 638 1891 778 1973; x_wconf 85' lang='lat' dir='ltr'>subicit,</span> <span class='ocrx_word' id='word_1_55' title='bbox 799 1902 838 1954; x_wconf 93' lang='lat' dir='ltr'>ut</span> <span class='ocrx_word' id='word_1_56' title='bbox 859 1891 889 1953; x_wconf 91' lang='lat' dir='ltr'>si</span> <span class='ocrx_word' id='word_1_57' title='bbox 905 1891 956 1954; x_wconf 92' lang='lat' dir='ltr'>ni·</span> 
     </span>
     <span class='ocr_line' id='line_1_13' title="bbox 164 2010 956 2096; baseline 0.004 -24"><span class='ocrx_word' id='word_1_58' title='bbox 164 2010 197 2073; x_wconf 87' lang='lat' dir='ltr'>hil</span> <span class='ocrx_word' id='word_1_59' title='bbox 207 2013 234 2074; x_wconf 89' lang='lat' dir='ltr'>in</span> <span class='ocrx_word' id='word_1_60' title='bbox 246 2033 284 2075; x_wconf 90' lang='lat' dir='ltr'>ea</span> <span class='ocrx_word' id='word_1_61' title='bbox 299 2023 423 2076; x_wconf 89' lang='lat' dir='ltr'>contra</span> <span class='ocrx_word' id='word_1_62' title='bbox 438 2012 554 2096; x_wconf 90' lang='lat' dir='ltr'>fidem,</span> <span class='ocrx_word' id='word_1_63' title='bbox 571 2025 694 2075; x_wconf 91' lang='lat' dir='ltr'>contra</span> <span class='ocrx_word' id='word_1_64' title='bbox 710 2015 824 2076; x_wconf 94' lang='lat' dir='ltr'>bonos</span> <span class='ocrx_word' id='word_1_65' title='bbox 839 2033 956 2077; x_wconf 91' lang='lat' dir='ltr'>mores</span> 
     </span>
     <span class='ocr_line' id='line_1_14' title="bbox 165 2135 955 2218; baseline 0.005 -24"><span class='ocrx_word' id='word_1_66' title='bbox 165 2143 189 2194; x_wconf 88' lang='lat' dir='ltr'>et</span> <span class='ocrx_word' id='word_1_67' title='bbox 202 2146 304 2198; x_wconf 91' lang='lat' dir='ltr'>contra</span> <span class='ocrx_word' id='word_1_68' title='bbox 323 2155 448 2198; x_wconf 91' lang='lat' dir='ltr'>sanam</span> <span class='ocrx_word' id='word_1_69' title='bbox 464 2136 637 2198; x_wconf 88' lang='lat' dir='ltr'>rationem</span> <span class='ocrx_word' id='word_1_70' title='bbox 653 2135 879 2218; x_wconf 86' lang='lat' dir='ltr'>reperiretur,</span> <span class='ocrx_word' id='word_1_71' title='bbox 900 2146 955 2218; x_wconf 92' lang='lat' dir='ltr'>ty-</span> 
     </span>
    </p>
   </div>
   <div class='ocr_carea' id='block_1_3' title="bbox 159 2262 956 4057">
    <p class='ocr_par' dir='ltr' id='par_1_3' title="bbox 159 2262 956 4057">
     <span class='ocr_line' id='line_1_15' title="bbox 164 2262 955 2348; baseline 0.008 -24"><span class='ocrx_word' id='word_1_72' title='bbox 164 2262 201 2343; x_wconf 90' lang='lat' dir='ltr'>pis</span> <span class='ocrx_word' id='word_1_73' title='bbox 215 2265 306 2328; x_wconf 91' lang='lat' dir='ltr'>etiam</span> <span class='ocrx_word' id='word_1_74' title='bbox 331 2266 410 2328; x_wconf 91' lang='lat' dir='ltr'>dari</span> <span class='ocrx_word' id='word_1_75' title='bbox 431 2276 564 2348; x_wconf 87' lang='lat' dir='ltr'>posset.</span> <span class='ocrx_word' id='word_1_76' title='bbox 592 2265 637 2328; x_wconf 91' lang='lat' dir='ltr'>Et</span> <span class='ocrx_word' id='word_1_77' title='bbox 662 2266 713 2329; x_wconf 89' lang='lat' dir='ltr'>ita</span> <span class='ocrx_word' id='word_1_78' title='bbox 735 2266 868 2329; x_wconf 85' lang='lat' dir='ltr'>factum</span> <span class='ocrx_word' id='word_1_79' title='bbox 890 2276 955 2332; x_wconf 77' lang='lat' dir='ltr'>est.</span> 
     </span>
     <span class='ocr_line' id='line_1_16' title="bbox 163 2382 955 2472; baseline 0.008 -27"><span class='ocrx_word' id='word_1_80' title='bbox 163 2382 190 2445; x_wconf 90' lang='lat' dir='ltr'>ln</span> <span class='ocrx_word' id='word_1_81' title='bbox 201 2387 376 2468; x_wconf 90' lang='lat' dir='ltr'>praemium</span> <span class='ocrx_word' id='word_1_82' title='bbox 393 2389 597 2453; x_wconf 87' lang='lat' dir='ltr'>meritorum</span> <span class='ocrx_word' id='word_1_83' title='bbox 612 2402 697 2452; x_wconf 92' lang='lat' dir='ltr'>tunc</span> <span class='ocrx_word' id='word_1_84' title='bbox 709 2408 856 2472; x_wconf 88' lang='lat' dir='ltr'>praeses</span> <span class='ocrx_word' id='word_1_85' title='bbox 873 2408 955 2451; x_wconf 89' lang='lat' dir='ltr'>con·</span> 
     </span>
     <span class='ocr_line' id='line_1_17' title="bbox 162 2503 956 2574; baseline 0.01 -8"><span class='ocrx_word' id='word_1_86' title='bbox 162 2503 351 2574; x_wconf 88' lang='lat' dir='ltr'>ierentiarum</span> <span class='ocrx_word' id='word_1_87' title='bbox 376 2531 456 2573; x_wconf 93' lang='lat' dir='ltr'>cum</span> <span class='ocrx_word' id='word_1_88' title='bbox 482 2511 621 2574; x_wconf 89' lang='lat' dir='ltr'>clericis</span> <span class='ocrx_word' id='word_1_89' title='bbox 648 2511 862 2574; x_wconf 89' lang='lat' dir='ltr'>constitutus</span> <span class='ocrx_word' id='word_1_90' title='bbox 888 2511 956 2574; x_wconf 85' lang='lat' dir='ltr'>fuit</span> 
     </span>
     <span class='ocr_line' id='line_1_18' title="bbox 162 2632 955 2712; baseline 0.006 -23"><span class='ocrx_word' id='word_1_91' title='bbox 162 2647 292 2695; x_wconf 89' lang='lat' dir='ltr'>unacum</span> <span class='ocrx_word' id='word_1_92' title='bbox 309 2633 350 2696; x_wconf 92' lang='lat' dir='ltr'>P.</span> <span class='ocrx_word' id='word_1_93' title='bbox 366 2633 603 2698; x_wconf 88' lang='lat' dir='ltr'>Ferdinando.</span> <span class='ocrx_word' id='word_1_94' title='bbox 628 2634 735 2696; x_wconf 86' lang='lat' dir='ltr'>Anno</span> <span class='ocrx_word' id='word_1_95' title='bbox 764 2638 844 2712; x_wconf 78' lang='lat'>1764</span> <span class='ocrx_word' id='word_1_96' title='bbox 868 2632 955 2695; x_wconf 90' lang='lat' dir='ltr'>Maii</span> 
     </span>
     <span class='ocr_line' id='line_1_19' title="bbox 164 2754 956 2837; baseline 0.004 -24"><span class='ocrx_word' id='word_1_97' title='bbox 164 2755 196 2815; x_wconf 80' lang='grc'>15.</span> <span class='ocrx_word' id='word_1_98' title='bbox 211 2756 425 2837; x_wconf 87' lang='lat' dir='ltr'>praepositus</span> <span class='ocrx_word' id='word_1_99' title='bbox 441 2755 695 2818; x_wconf 91' lang='lat' dir='ltr'>Bonaventura</span> <span class='ocrx_word' id='word_1_100' title='bbox 711 2755 821 2817; x_wconf 90' lang='lat' dir='ltr'>vitam</span> <span class='ocrx_word' id='word_1_101' title='bbox 841 2754 956 2817; x_wconf 88' lang='lat' dir='ltr'>finivit</span> 
     </span>
     <span class='ocr_line' id='line_1_20' title="bbox 161 2876 955 2959; baseline 0.008 -27"><span class='ocrx_word' id='word_1_102' title='bbox 161 2876 332 2940; x_wconf 87' lang='lat' dir='ltr'>et10.1ulii</span> <span class='ocrx_word' id='word_1_103' title='bbox 352 2897 467 2940; x_wconf 90' lang='lat' dir='ltr'>novae</span> <span class='ocrx_word' id='word_1_104' title='bbox 488 2877 673 2940; x_wconf 88' lang='lat' dir='ltr'>electionis</span> <span class='ocrx_word' id='word_1_105' title='bbox 696 2886 798 2939; x_wconf 90' lang='lat' dir='ltr'>actus</span> <span class='ocrx_word' id='word_1_106' title='bbox 821 2876 955 2959; x_wconf 88' lang='lat' dir='ltr'>incepit</span> 
     </span>
     <span class='ocr_line' id='line_1_21' title="bbox 160 2998 954 3074; baseline 0 -14"><span class='ocrx_word' id='word_1_107' title='bbox 160 2998 288 3074; x_wconf 83' lang='lat' dir='ltr'>praeside</span> <span class='ocrx_word' id='word_1_108' title='bbox 300 2999 445 3062; x_wconf 92' lang='lat' dir='ltr'>domino</span> <span class='ocrx_word' id='word_1_109' title='bbox 453 2999 638 3063; x_wconf 90' lang='lat' dir='ltr'>visitatore</span> <span class='ocrx_word' id='word_1_110' title='bbox 651 3001 783 3063; x_wconf 91' lang='lat' dir='ltr'>abbate</span> <span class='ocrx_word' id='word_1_111' title='bbox 796 3000 954 3062; x_wconf 79' lang='lat' dir='ltr'>Bievno·</span> 
     </span>
     <span class='ocr_line' id='line_1_22' title="bbox 159 3115 953 3203; baseline 0.005 -24"><span class='ocrx_word' id='word_1_112' title='bbox 159 3115 241 3183; x_wconf 83' lang='lat' dir='ltr'>viensi</span> <span class='ocrx_word' id='word_1_113' title='bbox 261 3121 473 3186; x_wconf 90' lang='lat' dir='ltr'>Friederic0.</span> <span class='ocrx_word' id='word_1_114' title='bbox 507 3121 696 3184; x_wconf 89' lang='lat' dir='ltr'>Candidati</span> <span class='ocrx_word' id='word_1_115' title='bbox 720 3121 829 3203; x_wconf 91' lang='lat' dir='ltr'>positi</span> <span class='ocrx_word' id='word_1_116' title='bbox 854 3122 953 3184; x_wconf 86' lang='lat' dir='ltr'>fuere</span> 
     </span>
     <span class='ocr_line' id='line_1_23' title="bbox 159 3234 954 3328; baseline 0.01 -30"><span class='ocrx_word' id='word_1_117' title='bbox 159 3234 411 3328; x_wconf 79' lang='lat' dir='ltr'>RWenceslaus,</span> <span class='ocrx_word' id='word_1_118' title='bbox 422 3243 615 3308; x_wconf 91' lang='lat' dir='ltr'>Othmarus</span> <span class='ocrx_word' id='word_1_119' title='bbox 627 3243 866 3321; x_wconf 86' lang='lat' dir='ltr'>Friedericus;</span> <span class='ocrx_word' id='word_1_120' title='bbox 882 3264 954 3306; x_wconf 91' lang='lat' dir='ltr'>om·</span> 
     </span>
     <span class='ocr_line' id='line_1_24' title="bbox 159 3358 955 3449; baseline 0.008 -25"><span class='ocrx_word' id='word_1_121' title='bbox 159 3358 198 3424; x_wconf 80' lang='lat' dir='ltr'>nia</span> <span class='ocrx_word' id='word_1_122' title='bbox 216 3365 353 3448; x_wconf 89' lang='lat' dir='ltr'>pacifice</span> <span class='ocrx_word' id='word_1_123' title='bbox 373 3367 606 3449; x_wconf 88' lang='lat' dir='ltr'>transierunt,</span> <span class='ocrx_word' id='word_1_124' title='bbox 628 3377 664 3429; x_wconf 92' lang='lat' dir='ltr'>et</span> <span class='ocrx_word' id='word_1_125' title='bbox 686 3367 822 3430; x_wconf 89' lang='lat' dir='ltr'>electus</span> <span class='ocrx_word' id='word_1_126' title='bbox 845 3366 955 3430; x_wconf 82' lang='lat' dir='ltr'>suita</span> 
     </span>
     <span class='ocr_line' id='line_1_25' title="bbox 162 3486 954 3573; baseline 0.01 -29"><span class='ocrx_word' id='word_1_127' title='bbox 162 3486 186 3544; x_wconf 80' lang='grc'>15</span> <span class='ocrx_word' id='word_1_128' title='bbox 201 3488 483 3551; x_wconf 88' lang='lat' dir='ltr'>conventualibus</span> <span class='ocrx_word' id='word_1_129' title='bbox 506 3509 552 3551; x_wconf 89' lang='lat' dir='ltr'>ex</span> <span class='ocrx_word' id='word_1_130' title='bbox 577 3493 613 3551; x_wconf 93' lang='lat'>18</span> <span class='ocrx_word' id='word_1_131' title='bbox 636 3487 828 3554; x_wconf 90' lang='lat' dir='ltr'>Othmarus</span> <span class='ocrx_word' id='word_1_132' title='bbox 851 3509 954 3573; x_wconf 90' lang='lat' dir='ltr'>prae·</span> 
     </span>
     <span class='ocr_line' id='line_1_26' title="bbox 159 3607 954 3694; baseline 0.006 -26"><span class='ocrx_word' id='word_1_133' title='bbox 159 3607 263 3682; x_wconf 87' lang='lat' dir='ltr'>positus</span> <span class='ocrx_word' id='word_1_134' title='bbox 276 3609 566 3693; x_wconf 85' lang='lat' dir='ltr'>Raigradiensis,</span> <span class='ocrx_word' id='word_1_135' title='bbox 589 3610 649 3692; x_wconf 93' lang='lat' dir='ltr'>qui</span> <span class='ocrx_word' id='word_1_136' title='bbox 664 3610 832 3693; x_wconf 92' lang='lat' dir='ltr'>homagio</span> <span class='ocrx_word' id='word_1_137' title='bbox 851 3631 954 3694; x_wconf 92' lang='lat' dir='ltr'>prae-</span> 
     </span>
     <span class='ocr_line' id='line_1_27' title="bbox 159 3725 954 3816; baseline 0.011 -29"><span class='ocrx_word' id='word_1_138' title='bbox 159 3725 218 3790; x_wconf 80' lang='lat' dir='ltr'>stito</span> <span class='ocrx_word' id='word_1_139' title='bbox 231 3730 399 3795; x_wconf 90' lang='lat' dir='ltr'>Olomucii</span> <span class='ocrx_word' id='word_1_140' title='bbox 419 3734 515 3814; x_wconf 91' lang='lat' dir='ltr'>apud</span> <span class='ocrx_word' id='word_1_141' title='bbox 533 3732 740 3814; x_wconf 91' lang='lat' dir='ltr'>episcopum</span> <span class='ocrx_word' id='word_1_142' title='bbox 762 3739 809 3796; x_wconf 79' lang='lat'>13.</span> <span class='ocrx_word' id='word_1_143' title='bbox 826 3734 901 3816; x_wconf 72' lang='lat' dir='ltr'>Iul,</span> <span class='ocrx_word' id='word_1_144' title='bbox 919 3743 954 3796; x_wconf 86' lang='lat' dir='ltr'>et</span> 
     </span>
     <span class='ocr_line' id='line_1_28' title="bbox 160 3845 954 3938; baseline 0.004 -23"><span class='ocrx_word' id='word_1_145' title='bbox 160 3863 193 3923; x_wconf 74' lang='lat'>²4.</span> <span class='ocrx_word' id='word_1_146' title='bbox 210 3865 281 3933; x_wconf 88' lang='lat' dir='ltr'>post</span> <span class='ocrx_word' id='word_1_147' title='bbox 303 3853 520 3917; x_wconf 90' lang='lat' dir='ltr'>audientiam</span> <span class='ocrx_word' id='word_1_148' title='bbox 545 3855 641 3936; x_wconf 92' lang='lat' dir='ltr'>apud</span> <span class='ocrx_word' id='word_1_149' title='bbox 665 3845 954 3938; x_wconf 87' lang='lat' dir='ltr'>augustissimam</span> 
     </span>
     <span class='ocr_line' id='line_1_29' title="bbox 159 3964 954 4057; baseline 0.005 -22"><span class='ocrx_word' id='word_1_150' title='bbox 159 3964 383 4052; x_wconf 75' lang='lat' dir='ltr'>imperatricem</span> <span class='ocrx_word' id='word_1_151' title='bbox 397 3986 433 4039; x_wconf 90' lang='lat' dir='ltr'>et</span> <span class='ocrx_word' id='word_1_152' title='bbox 446 3977 647 4057; x_wconf 89' lang='lat' dir='ltr'>depositum</span> <span class='ocrx_word' id='word_1_153' title='bbox 664 3975 847 4039; x_wconf 90' lang='lat' dir='ltr'>fidelitatis</span> <span class='ocrx_word' id='word_1_154' title='bbox 863 3978 954 4039; x_wconf 91' lang='lat' dir='ltr'>iura-</span> 
     </span>
    </p>
   </div>
   <div class='ocr_carea' id='block_1_4' title="bbox 158 4098 953 4180">
    <p class='ocr_par' dir='ltr' id='par_1_4' title="bbox 158 4098 953 4180">
     <span class='ocr_line' id='line_1_30' title="bbox 158 4098 953 4180; baseline 0.015 -30"><span class='ocrx_word' id='word_1_155' title='bbox 158 4104 278 4160; x_wconf 85' lang='lat' dir='ltr'>mentum</span> <span class='ocrx_word' id='word_1_156' title='bbox 289 4098 387 4179; x_wconf 93' lang='lat' dir='ltr'>apud</span> <span class='ocrx_word' id='word_1_157' title='bbox 395 4098 574 4160; x_wconf 90' lang='lat' dir='ltr'>ministros</span> <span class='ocrx_word' id='word_1_158' title='bbox 587 4117 652 4161; x_wconf 92' lang='lat' dir='ltr'>nec</span> <span class='ocrx_word' id='word_1_159' title='bbox 666 4118 736 4161; x_wconf 94' lang='lat' dir='ltr'>non</span> <span class='ocrx_word' id='word_1_160' title='bbox 749 4118 953 4180; x_wconf 91' lang='lat' dir='ltr'>supremum</span> 
     </span>
    </p>
   </div>
   <div class='ocr_carea' id='block_1_5' title="bbox 156 4218 953 5523">
    <p class='ocr_par' dir='ltr' id='par_1_5' title="bbox 156 4218 953 5523">
     <span class='ocr_line' id='line_1_31' title="bbox 157 4218 952 4302; baseline 0.011 -29"><span class='ocrx_word' id='word_1_161' title='bbox 157 4218 354 4282; x_wconf 84' lang='lat' dir='ltr'>cancellariae</span> <span class='ocrx_word' id='word_1_162' title='bbox 378 4219 543 4282; x_wconf 91' lang='lat' dir='ltr'>comitem</span> <span class='ocrx_word' id='word_1_163' title='bbox 565 4220 609 4282; x_wconf 90' lang='lat' dir='ltr'>de</span> <span class='ocrx_word' id='word_1_164' title='bbox 631 4220 768 4283; x_wconf 90' lang='lat' dir='ltr'>Chotek</span> <span class='ocrx_word' id='word_1_165' title='bbox 781 4219 952 4302; x_wconf 88' lang='lat' dir='ltr'>Viennae,</span> 
     </span>
     <span class='ocr_line' id='line_1_32' title="bbox 158 4341 953 4423; baseline 0.009 -26"><span class='ocrx_word' id='word_1_166' title='bbox 158 4349 246 4403; x_wconf 82' lang='lat' dir='ltr'>mense</span> <span class='ocrx_word' id='word_1_167' title='bbox 254 4341 415 4423; x_wconf 87' lang='lat' dir='ltr'>sequenti</span> <span class='ocrx_word' id='word_1_168' title='bbox 425 4363 476 4420; x_wconf 88' lang='lat'>24.</span> <span class='ocrx_word' id='word_1_169' title='bbox 489 4341 525 4404; x_wconf 93' lang='lat' dir='ltr'>in</span> <span class='ocrx_word' id='word_1_170' title='bbox 538 4342 634 4404; x_wconf 72' lang='lat' dir='ltr'>dieta</span> <span class='ocrx_word' id='word_1_171' title='bbox 648 4343 824 4405; x_wconf 88' lang='lat' dir='ltr'>Brunensi</span> <span class='ocrx_word' id='word_1_172' title='bbox 836 4342 953 4405; x_wconf 82' lang='lat' dir='ltr'>fuerat</span> 
     </span>
     <span class='ocr_line' id='line_1_33' title="bbox 158 4448 953 4545; baseline 0.015 -31"><span class='ocrx_word' id='word_1_173' title='bbox 158 4448 354 4545; x_wconf 87' lang='lat' dir='ltr'>introductus,</span> <span class='ocrx_word' id='word_1_174' title='bbox 376 4476 411 4526; x_wconf 88' lang='lat' dir='ltr'>et</span> <span class='ocrx_word' id='word_1_175' title='bbox 428 4463 548 4526; x_wconf 89' lang='lat' dir='ltr'>statim</span> <span class='ocrx_word' id='word_1_176' title='bbox 565 4465 760 4544; x_wconf 88' lang='lat' dir='ltr'>deputatus</span> <span class='ocrx_word' id='word_1_177' title='bbox 777 4483 842 4544; x_wconf 92' lang='lat' dir='ltr'>pro</span> <span class='ocrx_word' id='word_1_178' title='bbox 860 4483 953 4526; x_wconf 91' lang='lat' dir='ltr'>com-</span> 
     </span>
     <span class='ocr_line' id='line_1_34' title="bbox 157 4576 952 4668; baseline 0.004 -22"><span class='ocrx_word' id='word_1_179' title='bbox 157 4576 301 4649; x_wconf 77' lang='lat' dir='ltr'>missariis.</span> <span class='ocrx_word' id='word_1_180' title='bbox 328 4607 375 4664; x_wconf 79' lang='lat'>14.</span> <span class='ocrx_word' id='word_1_181' title='bbox 397 4585 564 4650; x_wconf 90' lang='lat' dir='ltr'>Octobris</span> <span class='ocrx_word' id='word_1_182' title='bbox 585 4585 777 4649; x_wconf 89' lang='lat' dir='ltr'>Othmarus</span> <span class='ocrx_word' id='word_1_183' title='bbox 801 4607 952 4668; x_wconf 89' lang='lat' dir='ltr'>praepo-</span> 
     </span>
     <span class='ocr_line' id='line_1_35' title="bbox 157 4693 952 4790; baseline 0.009 -27"><span class='ocrx_word' id='word_1_184' title='bbox 157 4693 219 4765; x_wconf 68' lang='lat' dir='ltr'>Situs</span> <span class='ocrx_word' id='word_1_185' title='bbox 227 4705 259 4768; x_wconf 91' lang='lat' dir='ltr'>in</span> <span class='ocrx_word' id='word_1_186' title='bbox 271 4707 425 4771; x_wconf 86' lang='lat' dir='ltr'>ecclesia</span> <span class='ocrx_word' id='word_1_187' title='bbox 437 4708 630 4790; x_wconf 88' lang='lat' dir='ltr'>collegiata</span> <span class='ocrx_word' id='word_1_188' title='bbox 646 4710 692 4770; x_wconf 90' lang='lat' dir='ltr'>ad</span> <span class='ocrx_word' id='word_1_189' title='bbox 705 4729 731 4771; x_wconf 92' lang='lat' dir='ltr'>s.</span> <span class='ocrx_word' id='word_1_190' title='bbox 746 4709 952 4772; x_wconf 82' lang='lat' dir='ltr'>Mauritium</span> 
     </span>
     <span class='ocr_line' id='line_1_36' title="bbox 157 4811 952 4911; baseline 0.011 -26"><span class='ocrx_word' id='word_1_191' title='bbox 157 4811 299 4892; x_wconf 79' lang='lat' dir='ltr'>Cremsirii</span> <span class='ocrx_word' id='word_1_192' title='bbox 308 4849 375 4911; x_wconf 90' lang='lat' dir='ltr'>per</span> <span class='ocrx_word' id='word_1_193' title='bbox 384 4829 591 4911; x_wconf 90' lang='lat' dir='ltr'>episcopum</span> <span class='ocrx_word' id='word_1_194' title='bbox 602 4830 952 4894; x_wconf 90' lang='lat' dir='ltr'>Olomucensemsol-</span> 
     </span>
     <span class='ocr_line' id='line_1_37' title="bbox 156 4935 952 5035; baseline 0.006 -24"><span class='ocrx_word' id='word_1_195' title='bbox 156 4935 283 5015; x_wconf 80' lang='lat' dir='ltr'>lemiter</span> <span class='ocrx_word' id='word_1_196' title='bbox 297 4952 416 5015; x_wconf 90' lang='lat' dir='ltr'>fuerat</span> <span class='ocrx_word' id='word_1_197' title='bbox 434 4954 655 5035; x_wconf 91' lang='lat' dir='ltr'>benedictus,</span> <span class='ocrx_word' id='word_1_198' title='bbox 673 4963 709 5017; x_wconf 92' lang='lat' dir='ltr'>et</span> <span class='ocrx_word' id='word_1_199' title='bbox 726 4954 854 5016; x_wconf 90' lang='lat' dir='ltr'>abhinc</span> <span class='ocrx_word' id='word_1_200' title='bbox 872 4973 952 5035; x_wconf 90' lang='lat' dir='ltr'>per·</span> 
     </span>
     <span class='ocr_line' id='line_1_38' title="bbox 157 5055 952 5157; baseline 0.004 -22"><span class='ocrx_word' id='word_1_201' title='bbox 157 5055 225 5150; x_wconf 74' lang='lat' dir='ltr'>¹0ssgi</span> <span class='ocrx_word' id='word_1_202' title='bbox 249 5074 323 5137; x_wconf 91' lang='lat' dir='ltr'>eius</span> <span class='ocrx_word' id='word_1_203' title='bbox 350 5073 534 5157; x_wconf 91' lang='lat' dir='ltr'>regiminis</span> <span class='ocrx_word' id='word_1_204' title='bbox 564 5074 639 5137; x_wconf 86' lang='lat' dir='ltr'>fata</span> <span class='ocrx_word' id='word_1_205' title='bbox 666 5075 769 5137; x_wconf 92' lang='lat' dir='ltr'>nobis</span> <span class='ocrx_word' id='word_1_206' title='bbox 795 5076 952 5138; x_wconf 90' lang='lat' dir='ltr'>breviter</span> 
     </span>
     <span class='ocr_line' id='line_1_39' title="bbox 156 5189 951 5281; baseline 0.015 -31"><span class='ocrx_word' id='word_1_207' title='bbox 156 5189 267 5258; x_wconf 78' lang='lat' dir='ltr'>veniunt</span> <span class='ocrx_word' id='word_1_208' title='bbox 285 5196 484 5260; x_wconf 86' lang='lat' dir='ltr'>referenda.</span> <span class='ocrx_word' id='word_1_209' title='bbox 508 5197 616 5260; x_wconf 90' lang='lat' dir='ltr'>Anno</span> <span class='ocrx_word' id='word_1_210' title='bbox 636 5197 818 5281; x_wconf 90' lang='lat' dir='ltr'>regiminis</span> <span class='ocrx_word' id='word_1_211' title='bbox 838 5199 951 5280; x_wconf 91' lang='lat' dir='ltr'>primo</span> 
     </span>
     <span class='ocr_line' id='line_1_40' title="bbox 156 5311 951 5399; baseline 0.01 -25"><span class='ocrx_word' id='word_1_212' title='bbox 156 5311 244 5378; x_wconf 67' lang='lat' dir='ltr'>statim</span> <span class='ocrx_word' id='word_1_213' title='bbox 261 5318 500 5399; x_wconf 91' lang='lat' dir='ltr'>praelaturam</span> <span class='ocrx_word' id='word_1_214' title='bbox 521 5318 556 5381; x_wconf 93' lang='lat' dir='ltr'>in</span> <span class='ocrx_word' id='word_1_215' title='bbox 572 5318 779 5383; x_wconf 88' lang='lat' dir='ltr'>hodiernum</span> <span class='ocrx_word' id='word_1_216' title='bbox 795 5320 951 5383; x_wconf 86' lang='lat' dir='ltr'>restituit</span> 
     </span>
     <span class='ocr_line' id='line_1_41' title="bbox 157 5432 951 5523; baseline 0.013 -28"><span class='ocrx_word' id='word_1_217' title='bbox 157 5432 254 5499; x_wconf 68' lang='lat' dir='ltr'>⁸tatum</span> <span class='ocrx_word' id='word_1_218' title='bbox 283 5450 320 5501; x_wconf 92' lang='lat' dir='ltr'>et</span> <span class='ocrx_word' id='word_1_219' title='bbox 347 5438 587 5521; x_wconf 90' lang='lat' dir='ltr'>suppellectili</span> <span class='ocrx_word' id='word_1_220' title='bbox 615 5440 826 5523; x_wconf 88' lang='lat' dir='ltr'>elegantiori</span> <span class='ocrx_word' id='word_1_221' title='bbox 856 5442 951 5505; x_wconf 90' lang='lat' dir='ltr'>locu-</span> 
     </span>
    </p>
   </div>
   <div class='ocr_carea' id='block_1_6' title="bbox 1030 671 1870 5523">
    <p class='ocr_par' dir='ltr' id='par_1_6' title="bbox 1030 671 1870 5523">
     <span class='ocr_line' id='line_1_42' title="bbox 1037 671 1870 756; baseline 0.002 -21"><span class='ocrx_word' id='word_1_222' title='bbox 1037 672 1197 754; x_wconf 90' lang='lat' dir='ltr'>pletavit.</span> <span class='ocrx_word' id='word_1_223' title='bbox 1230 671 1402 756; x_wconf 89' lang='lat' dir='ltr'>Sequenti</span> <span class='ocrx_word' id='word_1_224' title='bbox 1430 676 1599 738; x_wconf 90' lang='lat' dir='ltr'>sacellum</span> <span class='ocrx_word' id='word_1_225' title='bbox 1626 674 1759 738; x_wconf 91' lang='lat' dir='ltr'>ibidem</span> <span class='ocrx_word' id='word_1_226' title='bbox 1787 695 1870 739; x_wconf 90' lang='lat' dir='ltr'>con·</span> 
     </span>
     <span class='ocr_line' id='line_1_43' title="bbox 1037 797 1869 872; baseline 0.004 -14"><span class='ocrx_word' id='word_1_227' title='bbox 1037 797 1168 859; x_wconf 87' lang='lat' dir='ltr'>struxit</span> <span class='ocrx_word' id='word_1_228' title='bbox 1180 797 1869 872; x_wconf 85' lang='lat' dir='ltr'>sollemniterbenedictum;fundamen·</span> 
     </span>
     <span class='ocr_line' id='line_1_44' title="bbox 1037 919 1868 1003; baseline 0.002 -22"><span class='ocrx_word' id='word_1_229' title='bbox 1037 928 1074 981; x_wconf 90' lang='lat' dir='ltr'>ta</span> <span class='ocrx_word' id='word_1_230' title='bbox 1100 919 1195 982; x_wconf 88' lang='lat' dir='ltr'>iacta</span> <span class='ocrx_word' id='word_1_231' title='bbox 1218 921 1405 1003; x_wconf 87' lang='lat' dir='ltr'>augendae</span> <span class='ocrx_word' id='word_1_232' title='bbox 1431 932 1467 983; x_wconf 88' lang='lat' dir='ltr'>et</span> <span class='ocrx_word' id='word_1_233' title='bbox 1491 922 1731 984; x_wconf 89' lang='lat' dir='ltr'>exstruendae</span> <span class='ocrx_word' id='word_1_234' title='bbox 1756 920 1868 985; x_wconf 88' lang='lat' dir='ltr'>eccle·</span> 
     </span>
     <span class='ocr_line' id='line_1_45' title="bbox 1037 1039 1868 1125; baseline 0.001 -22"><span class='ocrx_word' id='word_1_235' title='bbox 1037 1040 1112 1103; x_wconf 90' lang='lat' dir='ltr'>siae</span> <span class='ocrx_word' id='word_1_236' title='bbox 1124 1061 1151 1103; x_wconf 93' lang='lat' dir='ltr'>s.</span> <span class='ocrx_word' id='word_1_237' title='bbox 1165 1039 1288 1104; x_wconf 88' lang='lat' dir='ltr'>Crucis</span> <span class='ocrx_word' id='word_1_238' title='bbox 1303 1042 1338 1104; x_wconf 92' lang='lat' dir='ltr'>in</span> <span class='ocrx_word' id='word_1_239' title='bbox 1355 1041 1489 1123; x_wconf 91' lang='lat' dir='ltr'>oppido</span> <span class='ocrx_word' id='word_1_240' title='bbox 1502 1041 1677 1125; x_wconf 89' lang='lat' dir='ltr'>Raigrad,</span> <span class='ocrx_word' id='word_1_241' title='bbox 1694 1041 1868 1105; x_wconf 89' lang='lat' dir='ltr'>ecclesiae</span> 
     </span>
     <span class='ocr_line' id='line_1_46' title="bbox 1037 1163 1868 1245; baseline 0 -19"><span class='ocrx_word' id='word_1_242' title='bbox 1037 1172 1073 1225; x_wconf 90' lang='lat' dir='ltr'>et</span> <span class='ocrx_word' id='word_1_243' title='bbox 1085 1163 1636 1227; x_wconf 80' lang='lat' dir='ltr'>turrisDomasoviensistectum</span> <span class='ocrx_word' id='word_1_244' title='bbox 1648 1174 1868 1245; x_wconf 91' lang='lat' dir='ltr'>renovatum,</span> 
     </span>
     <span class='ocr_line' id='line_1_47' title="bbox 1037 1285 1867 1369; baseline 0.001 -22"><span class='ocrx_word' id='word_1_245' title='bbox 1037 1285 1234 1348; x_wconf 89' lang='lat' dir='ltr'>amicabilis</span> <span class='ocrx_word' id='word_1_246' title='bbox 1266 1287 1476 1368; x_wconf 91' lang='lat' dir='ltr'>compositio</span> <span class='ocrx_word' id='word_1_247' title='bbox 1508 1298 1657 1369; x_wconf 90' lang='lat' dir='ltr'>propter</span> <span class='ocrx_word' id='word_1_248' title='bbox 1692 1287 1867 1369; x_wconf 92' lang='lat' dir='ltr'>quosdam</span> 
     </span>
     <span class='ocr_line' id='line_1_48' title="bbox 1037 1408 1868 1490; baseline 0.001 -20"><span class='ocrx_word' id='word_1_249' title='bbox 1037 1427 1144 1490; x_wconf 90' lang='lat' dir='ltr'>agros</span> <span class='ocrx_word' id='word_1_250' title='bbox 1157 1428 1235 1471; x_wconf 91' lang='lat' dir='ltr'>cum</span> <span class='ocrx_word' id='word_1_251' title='bbox 1249 1408 1528 1472; x_wconf 91' lang='lat' dir='ltr'>Rossicensibus</span> <span class='ocrx_word' id='word_1_252' title='bbox 1541 1420 1577 1472; x_wconf 89' lang='lat' dir='ltr'>et</span> <span class='ocrx_word' id='word_1_253' title='bbox 1590 1408 1868 1472; x_wconf 90' lang='lat' dir='ltr'>Aichhornensi·</span> 
     </span>
     <span class='ocr_line' id='line_1_49' title="bbox 1037 1530 1867 1613; baseline 0.002 -22"><span class='ocrx_word' id='word_1_254' title='bbox 1037 1532 1105 1592; x_wconf 91' lang='lat' dir='ltr'>bus</span> <span class='ocrx_word' id='word_1_255' title='bbox 1121 1530 1219 1613; x_wconf 86' lang='lat' dir='ltr'>inita,</span> <span class='ocrx_word' id='word_1_256' title='bbox 1239 1551 1296 1594; x_wconf 89' lang='lat' dir='ltr'>res</span> <span class='ocrx_word' id='word_1_257' title='bbox 1317 1531 1463 1613; x_wconf 90' lang='lat' dir='ltr'>equaria</span> <span class='ocrx_word' id='word_1_258' title='bbox 1479 1551 1652 1613; x_wconf 90' lang='lat' dir='ltr'>prospere</span> <span class='ocrx_word' id='word_1_259' title='bbox 1673 1541 1779 1594; x_wconf 87' lang='lat' dir='ltr'>aucta</span> <span class='ocrx_word' id='word_1_260' title='bbox 1803 1541 1867 1594; x_wconf 88' lang='lat' dir='ltr'>est.</span> 
     </span>
     <span class='ocr_line' id='line_1_50' title="bbox 1037 1650 1868 1736; baseline 0.001 -22"><span class='ocrx_word' id='word_1_261' title='bbox 1037 1651 1144 1715; x_wconf 90' lang='lat' dir='ltr'>Anno</span> <span class='ocrx_word' id='word_1_262' title='bbox 1170 1650 1249 1732; x_wconf 75' lang='lat' dir='ltr'>17o6</span> <span class='ocrx_word' id='word_1_263' title='bbox 1270 1664 1306 1716; x_wconf 89' lang='lat' dir='ltr'>et</span> <span class='ocrx_word' id='word_1_264' title='bbox 1328 1655 1560 1736; x_wconf 88' lang='lat' dir='ltr'>sequentibus</span> <span class='ocrx_word' id='word_1_265' title='bbox 1585 1655 1724 1717; x_wconf 90' lang='lat' dir='ltr'>duobus</span> <span class='ocrx_word' id='word_1_266' title='bbox 1746 1653 1868 1717; x_wconf 90' lang='lat' dir='ltr'>lustris</span> 
     </span>
     <span class='ocr_line' id='line_1_51' title="bbox 1037 1775 1868 1841; baseline 0.001 -4"><span class='ocrx_word' id='word_1_267' title='bbox 1037 1775 1188 1838; x_wconf 91' lang='lat' dir='ltr'>ecclesia</span> <span class='ocrx_word' id='word_1_268' title='bbox 1204 1776 1465 1840; x_wconf 89' lang='lat' dir='ltr'>monasterialis</span> <span class='ocrx_word' id='word_1_269' title='bbox 1485 1776 1608 1841; x_wconf 91' lang='lat' dir='ltr'>ruinae</span> <span class='ocrx_word' id='word_1_270' title='bbox 1628 1776 1766 1841; x_wconf 90' lang='lat' dir='ltr'>iteratis</span> <span class='ocrx_word' id='word_1_271' title='bbox 1782 1775 1868 1839; x_wconf 93' lang='lat' dir='ltr'>vici-</span> 
     </span>
     <span class='ocr_line' id='line_1_52' title="bbox 1035 1897 1867 1981; baseline 0.001 -22"><span class='ocrx_word' id='word_1_272' title='bbox 1035 1901 1103 1960; x_wconf 90' lang='lat' dir='ltr'>bus</span> <span class='ocrx_word' id='word_1_273' title='bbox 1129 1908 1246 1961; x_wconf 90' lang='lat' dir='ltr'>terrae</span> <span class='ocrx_word' id='word_1_274' title='bbox 1273 1908 1370 1961; x_wconf 91' lang='lat' dir='ltr'>motu</span> <span class='ocrx_word' id='word_1_275' title='bbox 1402 1903 1481 1978; x_wconf 85' lang='lat'>1763</span> <span class='ocrx_word' id='word_1_276' title='bbox 1509 1899 1712 1981; x_wconf 89' lang='lat' dir='ltr'>propinqua</span> <span class='ocrx_word' id='word_1_277' title='bbox 1738 1898 1785 1960; x_wconf 90' lang='lat' dir='ltr'>ad</span> <span class='ocrx_word' id='word_1_278' title='bbox 1814 1897 1867 1961; x_wconf 90' lang='lat' dir='ltr'>in-</span> 
     </span>
     <span class='ocr_line' id='line_1_53' title="bbox 1035 2021 1867 2103; baseline 0.002 -21"><span class='ocrx_word' id='word_1_279' title='bbox 1035 2031 1175 2103; x_wconf 90' lang='lat' dir='ltr'>tegrum</span> <span class='ocrx_word' id='word_1_280' title='bbox 1202 2025 1389 2103; x_wconf 81' lang='lat' dir='ltr'>reparatur</span> <span class='ocrx_word' id='word_1_281' title='bbox 1420 2040 1534 2102; x_wconf 90' lang='lat' dir='ltr'>aeque</span> <span class='ocrx_word' id='word_1_282' title='bbox 1565 2039 1607 2084; x_wconf 91' lang='lat' dir='ltr'>ac</span> <span class='ocrx_word' id='word_1_283' title='bbox 1638 2021 1867 2103; x_wconf 87' lang='lat' dir='ltr'>bibliotheca,</span> 
     </span>
     <span class='ocr_line' id='line_1_54' title="bbox 1036 2141 1867 2224; baseline 0.001 -20"><span class='ocrx_word' id='word_1_284' title='bbox 1036 2151 1141 2224; x_wconf 88' lang='lat' dir='ltr'>quam</span> <span class='ocrx_word' id='word_1_285' title='bbox 1157 2143 1266 2206; x_wconf 93' lang='lat' dir='ltr'>variis</span> <span class='ocrx_word' id='word_1_286' title='bbox 1281 2142 1384 2205; x_wconf 89' lang='lat' dir='ltr'>novis</span> <span class='ocrx_word' id='word_1_287' title='bbox 1400 2141 1693 2224; x_wconf 87' lang='lat' dir='ltr'>acquisitionibus</span> <span class='ocrx_word' id='word_1_288' title='bbox 1714 2161 1867 2205; x_wconf 89' lang='lat' dir='ltr'>summo·</span> 
     </span>
     <span class='ocr_line' id='line_1_55' title="bbox 1035 2264 1866 2346; baseline 0.001 -19"><span class='ocrx_word' id='word_1_289' title='bbox 1035 2283 1121 2345; x_wconf 91' lang='lat' dir='ltr'>pere</span> <span class='ocrx_word' id='word_1_290' title='bbox 1134 2264 1367 2346; x_wconf 89' lang='lat' dir='ltr'>locupletavit</span> <span class='ocrx_word' id='word_1_291' title='bbox 1376 2265 1569 2329; x_wconf 91' lang='lat' dir='ltr'>Othmarus</span> <span class='ocrx_word' id='word_1_292' title='bbox 1579 2265 1761 2328; x_wconf 88' lang='lat' dir='ltr'>literarum</span> <span class='ocrx_word' id='word_1_293' title='bbox 1773 2285 1866 2328; x_wconf 90' lang='lat' dir='ltr'>sum·</span> 
     </span>
     <span class='ocr_line' id='line_1_56' title="bbox 1034 2386 1864 2452; baseline 0.002 -3"><span class='ocrx_word' id='word_1_294' title='bbox 1034 2407 1112 2450; x_wconf 89' lang='lat' dir='ltr'>mus</span> <span class='ocrx_word' id='word_1_295' title='bbox 1134 2386 1262 2452; x_wconf 85' lang='lat' dir='ltr'>fautor.</span> <span class='ocrx_word' id='word_1_296' title='bbox 1287 2386 1376 2451; x_wconf 91' lang='lat' dir='ltr'>Cum</span> <span class='ocrx_word' id='word_1_297' title='bbox 1399 2389 1445 2450; x_wconf 96' lang='lat' dir='ltr'>ab</span> <span class='ocrx_word' id='word_1_298' title='bbox 1469 2389 1551 2450; x_wconf 88' lang='lat' dir='ltr'>aula</span> <span class='ocrx_word' id='word_1_299' title='bbox 1579 2407 1748 2451; x_wconf 89' lang='lat' dir='ltr'>caesarea</span> <span class='ocrx_word' id='word_1_300' title='bbox 1771 2407 1864 2451; x_wconf 89' lang='lat' dir='ltr'>anno</span> 
     </span>
     <span class='ocr_line' id='line_1_57' title="bbox 1040 2510 1862 2591; baseline 0 -19"><span class='ocrx_word' id='word_1_301' title='bbox 1040 2515 1118 2590; x_wconf 83' lang='lat'>1767</span> <span class='ocrx_word' id='word_1_302' title='bbox 1143 2510 1353 2591; x_wconf 89' lang='lat' dir='ltr'>rescriptum</span> <span class='ocrx_word' id='word_1_303' title='bbox 1378 2519 1594 2591; x_wconf 89' lang='lat' dir='ltr'>emanasset,</span> <span class='ocrx_word' id='word_1_304' title='bbox 1616 2528 1686 2591; x_wconf 92' lang='lat' dir='ltr'>quo</span> <span class='ocrx_word' id='word_1_305' title='bbox 1707 2510 1862 2572; x_wconf 91' lang='lat' dir='ltr'>dominia</span> 
     </span>
     <span class='ocr_line' id='line_1_58' title="bbox 1034 2631 1861 2714; baseline -0.001 -19"><span class='ocrx_word' id='word_1_306' title='bbox 1034 2634 1248 2695; x_wconf 88' lang='lat' dir='ltr'>tenebantur</span> <span class='ocrx_word' id='word_1_307' title='bbox 1260 2632 1412 2695; x_wconf 91' lang='lat' dir='ltr'>subditis</span> <span class='ocrx_word' id='word_1_308' title='bbox 1426 2633 1560 2714; x_wconf 90' lang='lat' dir='ltr'>domos,</span> <span class='ocrx_word' id='word_1_309' title='bbox 1573 2632 1634 2694; x_wconf 92' lang='lat' dir='ltr'>ubi</span> <span class='ocrx_word' id='word_1_310' title='bbox 1645 2631 1861 2712; x_wconf 90' lang='lat' dir='ltr'>habitarent,</span> 
     </span>
     <span class='ocr_line' id='line_1_59' title="bbox 1034 2753 1866 2836; baseline -0.001 -19"><span class='ocrx_word' id='word_1_311' title='bbox 1034 2756 1205 2835; x_wconf 89' lang='lat' dir='ltr'>vendere,</span> <span class='ocrx_word' id='word_1_312' title='bbox 1241 2754 1492 2818; x_wconf 90' lang='lat' dir='ltr'>monasterium</span> <span class='ocrx_word' id='word_1_313' title='bbox 1523 2764 1684 2817; x_wconf 91' lang='lat' dir='ltr'>nostrum</span> <span class='ocrx_word' id='word_1_314' title='bbox 1714 2753 1866 2836; x_wconf 90' lang='lat' dir='ltr'>primum</span> 
     </span>
     <span class='ocr_line' id='line_1_60' title="bbox 1034 2876 1866 2959; baseline -0.001 -20"><span class='ocrx_word' id='word_1_315' title='bbox 1034 2876 1110 2939; x_wconf 90' lang='lat' dir='ltr'>fere</span> <span class='ocrx_word' id='word_1_316' title='bbox 1138 2877 1172 2940; x_wconf 92' lang='lat' dir='ltr'>in</span> <span class='ocrx_word' id='word_1_317' title='bbox 1192 2877 1356 2941; x_wconf 88' lang='lat' dir='ltr'>Moravia</span> <span class='ocrx_word' id='word_1_318' title='bbox 1378 2876 1456 2959; x_wconf 87' lang='lat' dir='ltr'>fuit,</span> <span class='ocrx_word' id='word_1_319' title='bbox 1483 2877 1578 2958; x_wconf 92' lang='lat' dir='ltr'>quod</span> <span class='ocrx_word' id='word_1_320' title='bbox 1599 2877 1762 2939; x_wconf 90' lang='lat' dir='ltr'>subditos</span> <span class='ocrx_word' id='word_1_321' title='bbox 1782 2895 1866 2939; x_wconf 91' lang='lat' dir='ltr'>suos</span> 
     </span>
     <span class='ocr_line' id='line_1_61' title="bbox 1034 2997 1864 3080; baseline -0.001 -19"><span class='ocrx_word' id='word_1_322' title='bbox 1034 3020 1056 3061; x_wconf 89' lang='lat' dir='ltr'>a</span> <span class='ocrx_word' id='word_1_323' title='bbox 1072 2999 1244 3062; x_wconf 89' lang='lat' dir='ltr'>servitute</span> <span class='ocrx_word' id='word_1_324' title='bbox 1264 3000 1395 3062; x_wconf 90' lang='lat' dir='ltr'>liberos</span> <span class='ocrx_word' id='word_1_325' title='bbox 1417 3000 1612 3080; x_wconf 65' lang='lat' dir='ltr'>declarans</span> <span class='ocrx_word' id='word_1_326' title='bbox 1635 2999 1759 3061; x_wconf 90' lang='lat' dir='ltr'>domos</span> <span class='ocrx_word' id='word_1_327' title='bbox 1777 2997 1864 3080; x_wconf 91' lang='lat' dir='ltr'>ipsis</span> 
     </span>
     <span class='ocr_line' id='line_1_62' title="bbox 1033 3118 1865 3185; baseline 0 -2"><span class='ocrx_word' id='word_1_328' title='bbox 1033 3121 1267 3184; x_wconf 88' lang='lat' dir='ltr'>hereditarias</span> <span class='ocrx_word' id='word_1_329' title='bbox 1280 3121 1436 3185; x_wconf 90' lang='lat' dir='ltr'>tradidit.</span> <span class='ocrx_word' id='word_1_330' title='bbox 1457 3120 1619 3183; x_wconf 87' lang='lat' dir='ltr'>Ecclesia</span> <span class='ocrx_word' id='word_1_331' title='bbox 1631 3139 1658 3184; x_wconf 92' lang='lat' dir='ltr'>s.</span> <span class='ocrx_word' id='word_1_332' title='bbox 1672 3118 1794 3183; x_wconf 87' lang='lat' dir='ltr'>Crucis</span> <span class='ocrx_word' id='word_1_333' title='bbox 1807 3120 1865 3184; x_wconf 89' lang='lat' dir='ltr'>die</span> 
     </span>
     <span class='ocr_line' id='line_1_63' title="bbox 1036 3241 1864 3325; baseline 0 -20"><span class='ocrx_word' id='word_1_334' title='bbox 1036 3248 1064 3306; x_wconf 84' lang='grc'>3.</span> <span class='ocrx_word' id='word_1_335' title='bbox 1077 3243 1164 3306; x_wconf 89' lang='lat' dir='ltr'>Maii</span> <span class='ocrx_word' id='word_1_336' title='bbox 1181 3245 1214 3307; x_wconf 93' lang='lat' dir='ltr'>h.</span> <span class='ocrx_word' id='word_1_337' title='bbox 1232 3264 1262 3308; x_wconf 88' lang='lat' dir='ltr'>a.</span> <span class='ocrx_word' id='word_1_338' title='bbox 1276 3264 1298 3307; x_wconf 89' lang='lat' dir='ltr'>a</span> <span class='ocrx_word' id='word_1_339' title='bbox 1313 3243 1521 3325; x_wconf 89' lang='lat' dir='ltr'>praeposito</span> <span class='ocrx_word' id='word_1_340' title='bbox 1534 3241 1757 3305; x_wconf 89' lang='lat' dir='ltr'>benedicitur</span> <span class='ocrx_word' id='word_1_341' title='bbox 1770 3251 1806 3305; x_wconf 92' lang='lat' dir='ltr'>et</span> <span class='ocrx_word' id='word_1_342' title='bbox 1818 3243 1864 3305; x_wconf 92' lang='lat' dir='ltr'>ab</span> 
     </span>
     <span class='ocr_line' id='line_1_64' title="bbox 1034 3363 1865 3446; baseline -0.002 -19"><span class='ocrx_word' id='word_1_343' title='bbox 1034 3365 1206 3446; x_wconf 92' lang='lat' dir='ltr'>episcopo</span> <span class='ocrx_word' id='word_1_344' title='bbox 1220 3365 1447 3429; x_wconf 90' lang='lat' dir='ltr'>Olomucensi</span> <span class='ocrx_word' id='word_1_345' title='bbox 1459 3363 1673 3446; x_wconf 90' lang='lat' dir='ltr'>parochialis</span> <span class='ocrx_word' id='word_1_346' title='bbox 1689 3363 1724 3426; x_wconf 92' lang='lat' dir='ltr'>in</span> <span class='ocrx_word' id='word_1_347' title='bbox 1737 3383 1865 3445; x_wconf 88' lang='lat' dir='ltr'>perpe·</span> 
     </span>
     <span class='ocr_line' id='line_1_65' title="bbox 1034 3483 1865 3566; baseline -0.001 -17"><span class='ocrx_word' id='word_1_348' title='bbox 1034 3496 1133 3549; x_wconf 91' lang='lat' dir='ltr'>tuum</span> <span class='ocrx_word' id='word_1_349' title='bbox 1150 3488 1359 3549; x_wconf 87' lang='lat' dir='ltr'>declaratur.</span> <span class='ocrx_word' id='word_1_350' title='bbox 1376 3487 1483 3549; x_wconf 91' lang='lat' dir='ltr'>Anno</span> <span class='ocrx_word' id='word_1_351' title='bbox 1498 3490 1579 3566; x_wconf 80' lang='lat'>1768</span> <span class='ocrx_word' id='word_1_352' title='bbox 1591 3486 1685 3548; x_wconf 90' lang='lat' dir='ltr'>mola</span> <span class='ocrx_word' id='word_1_353' title='bbox 1697 3485 1733 3548; x_wconf 91' lang='lat' dir='ltr'>in</span> <span class='ocrx_word' id='word_1_354' title='bbox 1742 3483 1865 3550; x_wconf 87' lang='lat' dir='ltr'>Ostro-</span> 
     </span>
     <span class='ocr_line' id='line_1_66' title="bbox 1034 3607 1865 3690; baseline 0 -20"><span class='ocrx_word' id='word_1_355' title='bbox 1034 3610 1135 3672; x_wconf 74' lang='lat' dir='ltr'>vacic</span> <span class='ocrx_word' id='word_1_356' title='bbox 1163 3629 1288 3690; x_wconf 89' lang='lat' dir='ltr'>parurn</span> <span class='ocrx_word' id='word_1_357' title='bbox 1315 3607 1473 3690; x_wconf 88' lang='lat' dir='ltr'>proficua</span> <span class='ocrx_word' id='word_1_358' title='bbox 1500 3619 1672 3688; x_wconf 88' lang='lat' dir='ltr'>cassatur,</span> <span class='ocrx_word' id='word_1_359' title='bbox 1696 3615 1732 3670; x_wconf 91' lang='lat' dir='ltr'>et</span> <span class='ocrx_word' id='word_1_360' title='bbox 1758 3607 1865 3689; x_wconf 91' lang='lat' dir='ltr'>paulo</span> 
     </span>
     <span class='ocr_line' id='line_1_67' title="bbox 1034 3730 1864 3814; baseline 0 -21"><span class='ocrx_word' id='word_1_361' title='bbox 1034 3742 1117 3812; x_wconf 92' lang='lat' dir='ltr'>post</span> <span class='ocrx_word' id='word_1_362' title='bbox 1133 3731 1289 3811; x_wconf 88' lang='lat' dir='ltr'>capitulo</span> <span class='ocrx_word' id='word_1_363' title='bbox 1302 3730 1461 3814; x_wconf 91' lang='lat' dir='ltr'>generali</span> <span class='ocrx_word' id='word_1_364' title='bbox 1474 3730 1667 3793; x_wconf 79' lang='lat' dir='ltr'>Bievnovii</span> <span class='ocrx_word' id='word_1_365' title='bbox 1684 3730 1864 3793; x_wconf 92' lang='lat' dir='ltr'>celebrato</span> 
     </span>
     <span class='ocr_line' id='line_1_68' title="bbox 1034 3852 1865 3935; baseline -0.002 -19"><span class='ocrx_word' id='word_1_366' title='bbox 1034 3854 1261 3935; x_wconf 90' lang='lat' dir='ltr'>praepositus</span> <span class='ocrx_word' id='word_1_367' title='bbox 1289 3863 1410 3916; x_wconf 89' lang='lat' dir='ltr'>noster</span> <span class='ocrx_word' id='word_1_368' title='bbox 1433 3853 1546 3935; x_wconf 88' lang='lat' dir='ltr'>adest,</span> <span class='ocrx_word' id='word_1_369' title='bbox 1574 3852 1704 3933; x_wconf 92' lang='lat' dir='ltr'>inquo</span> <span class='ocrx_word' id='word_1_370' title='bbox 1729 3861 1865 3915; x_wconf 92' lang='lat' dir='ltr'>statuta</span> 
     </span>
     <span class='ocr_line' id='line_1_69' title="bbox 1035 3972 1865 4056; baseline -0.001 -18"><span class='ocrx_word' id='word_1_371' title='bbox 1035 3976 1148 4056; x_wconf 89' lang='lat' dir='ltr'>prima</span> <span class='ocrx_word' id='word_1_372' title='bbox 1174 3975 1253 4038; x_wconf 89' lang='lat' dir='ltr'>vice</span> <span class='ocrx_word' id='word_1_373' title='bbox 1281 3976 1316 4038; x_wconf 92' lang='lat' dir='ltr'>in</span> <span class='ocrx_word' id='word_1_374' title='bbox 1343 3995 1449 4038; x_wconf 91' lang='lat' dir='ltr'>unum</span> <span class='ocrx_word' id='word_1_375' title='bbox 1476 3976 1624 4037; x_wconf 90' lang='lat' dir='ltr'>redacta</span> <span class='ocrx_word' id='word_1_376' title='bbox 1655 3972 1765 4037; x_wconf 85' lang='lat' dir='ltr'>fuere.</span> <span class='ocrx_word' id='word_1_377' title='bbox 1801 3972 1865 4037; x_wconf 90' lang='lat' dir='ltr'>Se·</span> 
     </span>
     <span class='ocr_line' id='line_1_70' title="bbox 1035 4095 1863 4179; baseline -0.004 -19"><span class='ocrx_word' id='word_1_378' title='bbox 1035 4097 1157 4179; x_wconf 90' lang='lat' dir='ltr'>quenti</span> <span class='ocrx_word' id='word_1_379' title='bbox 1179 4097 1363 4160; x_wconf 89' lang='lat' dir='ltr'>tribunalis</span> <span class='ocrx_word' id='word_1_380' title='bbox 1379 4096 1574 4160; x_wconf 89' lang='lat' dir='ltr'>Brunensis</span> <span class='ocrx_word' id='word_1_381' title='bbox 1590 4095 1801 4158; x_wconf 88' lang='lat' dir='ltr'>secretarius</span> <span class='ocrx_word' id='word_1_382' title='bbox 1819 4096 1863 4157; x_wconf 92' lang='lat' dir='ltr'>de</span> 
     </span>
     <span class='ocr_line' id='line_1_71' title="bbox 1033 4217 1863 4283; baseline -0.004 -1"><span class='ocrx_word' id='word_1_383' title='bbox 1033 4220 1129 4282; x_wconf 89' lang='lat' dir='ltr'>Hakl</span> <span class='ocrx_word' id='word_1_384' title='bbox 1151 4239 1290 4283; x_wconf 87' lang='lat' dir='ltr'>omnem</span> <span class='ocrx_word' id='word_1_385' title='bbox 1314 4239 1414 4283; x_wconf 88' lang='lat' dir='ltr'>suam</span> <span class='ocrx_word' id='word_1_386' title='bbox 1431 4218 1667 4282; x_wconf 90' lang='lat' dir='ltr'>substantiam</span> <span class='ocrx_word' id='word_1_387' title='bbox 1684 4217 1786 4279; x_wconf 92' lang='lat' dir='ltr'>nobis</span> <span class='ocrx_word' id='word_1_388' title='bbox 1807 4237 1863 4279; x_wconf 89' lang='lat' dir='ltr'>ce·</span> 
     </span>
     <span class='ocr_line' id='line_1_72' title="bbox 1035 4339 1863 4424; baseline -0.004 -20"><span class='ocrx_word' id='word_1_389' title='bbox 1035 4342 1095 4424; x_wconf 89' lang='lat' dir='ltr'>dit,</span> <span class='ocrx_word' id='word_1_390' title='bbox 1113 4362 1159 4404; x_wconf 91' lang='lat' dir='ltr'>ex</span> <span class='ocrx_word' id='word_1_391' title='bbox 1175 4362 1245 4424; x_wconf 93' lang='lat' dir='ltr'>qua</span> <span class='ocrx_word' id='word_1_392' title='bbox 1261 4342 1361 4404; x_wconf 89' lang='lat' dir='ltr'>varia</span> <span class='ocrx_word' id='word_1_393' title='bbox 1373 4341 1545 4404; x_wconf 90' lang='lat' dir='ltr'>ecclesiae</span> <span class='ocrx_word' id='word_1_394' title='bbox 1559 4339 1723 4402; x_wconf 90' lang='lat' dir='ltr'>utensilia</span> <span class='ocrx_word' id='word_1_395' title='bbox 1735 4359 1863 4421; x_wconf 93' lang='lat' dir='ltr'>paran-</span> 
     </span>
     <span class='ocr_line' id='line_1_73' title="bbox 1033 4461 1863 4546; baseline -0.002 -21"><span class='ocrx_word' id='word_1_396' title='bbox 1033 4473 1099 4545; x_wconf 86' lang='lat' dir='ltr'>tur,</span> <span class='ocrx_word' id='word_1_397' title='bbox 1108 4463 1192 4525; x_wconf 91' lang='lat' dir='ltr'>villa</span> <span class='ocrx_word' id='word_1_398' title='bbox 1205 4464 1239 4524; x_wconf 94' lang='lat' dir='ltr'>in</span> <span class='ocrx_word' id='word_1_399' title='bbox 1252 4463 1423 4546; x_wconf 90' lang='lat' dir='ltr'>Hluboky</span> <span class='ocrx_word' id='word_1_400' title='bbox 1436 4462 1640 4544; x_wconf 90' lang='lat' dir='ltr'>exstruitur,</span> <span class='ocrx_word' id='word_1_401' title='bbox 1662 4481 1739 4541; x_wconf 85' lang='lat'>1772</span> <span class='ocrx_word' id='word_1_402' title='bbox 1757 4461 1863 4524; x_wconf 89' lang='lat' dir='ltr'>vinea</span> 
     </span>
     <span class='ocr_line' id='line_1_74' title="bbox 1033 4583 1861 4667; baseline 0 -21"><span class='ocrx_word' id='word_1_403' title='bbox 1033 4585 1067 4646; x_wconf 92' lang='lat' dir='ltr'>in</span> <span class='ocrx_word' id='word_1_404' title='bbox 1083 4584 1294 4667; x_wconf 82' lang='lat' dir='ltr'>Rybesovic</span> <span class='ocrx_word' id='word_1_405' title='bbox 1311 4583 1346 4646; x_wconf 94' lang='lat' dir='ltr'>in</span> <span class='ocrx_word' id='word_1_406' title='bbox 1357 4585 1436 4646; x_wconf 92' lang='lat' dir='ltr'>loco</span> <span class='ocrx_word' id='word_1_407' title='bbox 1452 4585 1550 4666; x_wconf 91' lang='lat' dir='ltr'>prius</span> <span class='ocrx_word' id='word_1_408' title='bbox 1563 4584 1695 4647; x_wconf 90' lang='lat' dir='ltr'>inculto</span> <span class='ocrx_word' id='word_1_409' title='bbox 1708 4593 1744 4646; x_wconf 90' lang='lat' dir='ltr'>et</span> <span class='ocrx_word' id='word_1_410' title='bbox 1757 4603 1861 4646; x_wconf 91' lang='lat' dir='ltr'>saxo-</span> 
     </span>
     <span class='ocr_line' id='line_1_75' title="bbox 1032 4705 1862 4789; baseline -0.004 -19"><span class='ocrx_word' id='word_1_411' title='bbox 1032 4728 1072 4770; x_wconf 91' lang='lat' dir='ltr'>so</span> <span class='ocrx_word' id='word_1_412' title='bbox 1088 4726 1220 4789; x_wconf 90' lang='lat' dir='ltr'>magna</span> <span class='ocrx_word' id='word_1_413' title='bbox 1236 4705 1389 4787; x_wconf 89' lang='lat' dir='ltr'>pecunia</span> <span class='ocrx_word' id='word_1_414' title='bbox 1404 4707 1595 4788; x_wconf 90' lang='lat' dir='ltr'>plantatur,</span> <span class='ocrx_word' id='word_1_415' title='bbox 1616 4706 1716 4768; x_wconf 90' lang='lat' dir='ltr'>cuius</span> <span class='ocrx_word' id='word_1_416' title='bbox 1732 4706 1784 4767; x_wconf 91' lang='lat' dir='ltr'>rei</span> <span class='ocrx_word' id='word_1_417' title='bbox 1799 4726 1862 4787; x_wconf 93' lang='lat' dir='ltr'>pa·</span> 
     </span>
     <span class='ocr_line' id='line_1_76' title="bbox 1031 4827 1861 4909; baseline -0.005 -16"><span class='ocrx_word' id='word_1_418' title='bbox 1031 4832 1158 4893; x_wconf 89' lang='lat' dir='ltr'>rochus</span> <span class='ocrx_word' id='word_1_419' title='bbox 1182 4829 1444 4892; x_wconf 84' lang='lat' dir='ltr'>Seelovicensis</span> <span class='ocrx_word' id='word_1_420' title='bbox 1467 4828 1619 4890; x_wconf 89' lang='lat' dir='ltr'>Ioannes</span> <span class='ocrx_word' id='word_1_421' title='bbox 1642 4827 1789 4909; x_wconf 68' lang='lat' dir='ltr'>Kratky</span> <span class='ocrx_word' id='word_1_422' title='bbox 1813 4829 1861 4889; x_wconf 92' lang='lat' dir='ltr'>le·</span> 
     </span>
     <span class='ocr_line' id='line_1_77' title="bbox 1031 4949 1861 5036; baseline -0.002 -21"><span class='ocrx_word' id='word_1_423' title='bbox 1031 4961 1118 5036; x_wconf 90' lang='lat' dir='ltr'>gato</span> <span class='ocrx_word' id='word_1_424' title='bbox 1134 4971 1198 5014; x_wconf 91' lang='lat' dir='ltr'>suo</span> <span class='ocrx_word' id='word_1_425' title='bbox 1215 4949 1380 5031; x_wconf 89' lang='lat' dir='ltr'>praebuit</span> <span class='ocrx_word' id='word_1_426' title='bbox 1400 4949 1634 5014; x_wconf 89' lang='lat' dir='ltr'>occasionem.</span> <span class='ocrx_word' id='word_1_427' title='bbox 1657 4949 1747 5011; x_wconf 92' lang='lat' dir='ltr'>Item</span> <span class='ocrx_word' id='word_1_428' title='bbox 1769 4969 1861 5013; x_wconf 92' lang='lat' dir='ltr'>anno</span> 
     </span>
     <span class='ocr_line' id='line_1_78' title="bbox 1037 5071 1860 5156; baseline -0.005 -19"><span class='ocrx_word' id='word_1_429' title='bbox 1037 5095 1112 5154; x_wconf 87' lang='lat'>1771</span> <span class='ocrx_word' id='word_1_430' title='bbox 1128 5073 1277 5156; x_wconf 89' lang='lat' dir='ltr'>erigitur</span> <span class='ocrx_word' id='word_1_431' title='bbox 1288 5074 1575 5154; x_wconf 87' lang='lat' dir='ltr'>pharmacopoea</span> <span class='ocrx_word' id='word_1_432' title='bbox 1587 5072 1622 5134; x_wconf 92' lang='lat' dir='ltr'>in</span> <span class='ocrx_word' id='word_1_433' title='bbox 1634 5071 1860 5152; x_wconf 91' lang='lat' dir='ltr'>monasterio,</span> 
     </span>
     <span class='ocr_line' id='line_1_79' title="bbox 1032 5192 1860 5278; baseline -0.004 -20"><span class='ocrx_word' id='word_1_434' title='bbox 1032 5215 1123 5278; x_wconf 90' lang='lat' dir='ltr'>quae</span> <span class='ocrx_word' id='word_1_435' title='bbox 1150 5205 1270 5258; x_wconf 90' lang='lat' dir='ltr'>autem</span> <span class='ocrx_word' id='word_1_436' title='bbox 1297 5199 1374 5257; x_wconf 89' lang='lat'>1801</span> <span class='ocrx_word' id='word_1_437' title='bbox 1404 5193 1574 5257; x_wconf 87' lang='lat' dir='ltr'>fratribus</span> <span class='ocrx_word' id='word_1_438' title='bbox 1597 5192 1860 5256; x_wconf 89' lang='lat' dir='ltr'>misericordiae</span> 
     </span>
     <span class='ocr_line' id='line_1_80' title="bbox 1031 5313 1861 5396; baseline -0.004 -16"><span class='ocrx_word' id='word_1_439' title='bbox 1031 5318 1275 5381; x_wconf 90' lang='lat' dir='ltr'>Brunensibus</span> <span class='ocrx_word' id='word_1_440' title='bbox 1299 5316 1447 5379; x_wconf 89' lang='lat' dir='ltr'>vendita</span> <span class='ocrx_word' id='word_1_441' title='bbox 1473 5326 1538 5379; x_wconf 87' lang='lat' dir='ltr'>est.</span> <span class='ocrx_word' id='word_1_442' title='bbox 1574 5313 1751 5379; x_wconf 89' lang='lat' dir='ltr'>Sacellum</span> <span class='ocrx_word' id='word_1_443' title='bbox 1778 5323 1861 5396; x_wconf 90' lang='lat' dir='ltr'>post</span> 
     </span>
     <span class='ocr_line' id='line_1_81' title="bbox 1030 5437 1861 5523; baseline -0.001 -21"><span class='ocrx_word' id='word_1_444' title='bbox 1030 5440 1231 5504; x_wconf 91' lang='lat' dir='ltr'>incendium</span> <span class='ocrx_word' id='word_1_445' title='bbox 1251 5439 1286 5502; x_wconf 89' lang='lat' dir='ltr'>in</span> <span class='ocrx_word' id='word_1_446' title='bbox 1306 5458 1402 5523; x_wconf 90' lang='lat' dir='ltr'>pago</span> <span class='ocrx_word' id='word_1_447' title='bbox 1420 5437 1607 5521; x_wconf 92' lang='lat' dir='ltr'>Opatowic</span> <span class='ocrx_word' id='word_1_448' title='bbox 1628 5439 1744 5501; x_wconf 90' lang='lat' dir='ltr'>denuo</span> <span class='ocrx_word' id='word_1_449' title='bbox 1764 5457 1861 5501; x_wconf 89' lang='lat' dir='ltr'>erec·</span> 
     </span>
    </p>
   </div>
   <div class='ocr_carea' id='block_1_7' title="bbox 0 0 2048 6263">
    <p class='ocr_par' dir='ltr' id='par_1_7' title="bbox 0 0 2048 6263">
     <span class='ocr_line' id='line_1_82' title="bbox 0 0 2048 6263; baseline 0 0"><span class='ocrx_word' id='word_1_450' title='bbox 0 0 2048 6263; x_wconf 95' lang='lat' dir='ltr'> </span> 
     </span>
    </p>
   </div>
  </div>
 </body>
</html>
