4088 6270
816 524 856 533 —
902 487 1094 550 XXXVII
1139 524 1179 533 —-

158 711 384 795 (rozo—1657),
401 711 588 774 Amandus
606 713 856 794 (1657-1673),
881 713 1088 774 Edmundus
1106 713 1345 793 (1673—1702)
1363 714 1408 773 ad
1425 732 1451 775 s.
1465 713 1620 792 Petrum,
1638 712 1788 776 Ioannes
1805 712 1867 776 IV.

156 852 379 934 (isar-1614),
406 850 574 914 Urbanus
599 852 866 933 (rom-1659),
891 848 1118 913 Godofredus
1141 850 1204 913 ΙΙΙ.
1232 852 1380 930 (1696—
1395 851 1503 932 1702),
1536 870 1641 931 quem
1665 851 1868 931 Leopoldus

156 991 324 1071 inperator
335 988 644 1071 religiosissimum
658 992 826 1052 abbatem
839 988 1043 1070 nominavit,
1053 989 1082 1050 F
1085 988 1266 1051 ranciscus
1281 989 1519 1069 (1662-1707)
1533 991 1579 1051 ad
1592 1008 1618 1051 s.
1630 989 1867 1069 Lambertum,

159 1126 284 1190 Alexius
310 1128 569 1208 (1617—1621),
602 1125 779 1209 Georgius
805 1127 1055 1207 (ron-1642),
1081 1136 1245 1187 strenuus
1269 1125 1436 1187 defensor
1458 1125 1542 1188 fidei
1566 1126 1774 1205 catholicae,
1798 1126 1867 1188 Ed-

159 1267 280 1328 mundus
297 1266 550 1348 (1682-1725),
568 1266 659 1329 alter
675 1265 843 1328 fundator
860 1274 1096 1347 nuncupatus,
1113 1263 1381 1345 Ossiachenses,
1400 1265 1553 1328 Ioannes
1563 1265 1606 1327 V.
1627 1266 1866 1347 (rozo—1641)

159 1417 182 1467 et
199 1405 411 1467 Aemilianus
435 1405 675 1487 (1727—1744)
700 1404 1059 1484 ArnoldsteinenseS,
1088 1403 1276 1485 Philippus
1301 1406 1540 1484 (root—1677)
1574 1415 1609 1466 et
1641 1405 1812 1467 Albertus
1840 1406 1866 1467 I.

161 1544 373 1624 (ιδῃ-1727)
399 1541 675 1624 Sanpaulenses.

259 1681 329 1742 Pro
364 1679 483 1744 officio
518 1681 652 1743 ordinis
682 1680 744 1742 filii
776 1701 802 1742 s.
834 1679 1021 1742 Benedicti
1053 1699 1132 1742 cum
1162 1680 1455 1761 protestantismo
1485 1701 1550 1761 per
1580 1681 1693 1743 valles
1722 1680 1868 1762 Alpium

161 1819 397 1882 Austriacarum
423 1820 608 1903 divulgato
632 1820 668 1882 in
692 1828 873 1882 certamen
897 1820 1159 1880 descenderunt
1183 1828 1218 1880 et
1241 1820 1371 1881 multos
1388 1819 1596 1882 fortitudine
1613 1830 1649 1881 et
1666 1820 1867 1882 constantia

162 1957 193 2017 ad
210 1977 318 2019 veram
341 1957 449 2020 fidem
472 1961 700 2021 reduxerunt.
739 1957 818 2038 Quo
843 1956 877 2018 in
901 1957 1020 2018 studio
1036 1957 1212 2019 nonnullis
1229 1955 1412 2019 beneficiis
1429 1978 1644 2020 summorum
1660 1959 1867 2040 pontificum

163 2103 187 2154 et
208 2094 447 2177 imperatorum
480 2096 751 2177 adiuvabantur,
783 2106 820 2160 et
851 2117 929 2159 cum
958 2115 1079 2158 omnes
1095 2083 1188 2158 'fere
1217 2116 1295 2158 eum
1320 2096 1443 2159 Monte
1467 2096 1615 2160 Cassino
1644 2098 1754 2160 artius
1786 2119 1868 2161 eon-

164 2232 370 2315 iungerentur,
399 2234 503 2297 huius
531 2255 672 2316 quoque
704 2236 780 2298 iura
811 2235 1007 2316 praecipua
1036 2235 1159 2316 adepti
1190 2246 1281 2298 sunt.
1328 2233 1498 2297 Similiter
1533 2256 1611 2298 cum
1644 2236 1866 2318 Germaniae,

165 2371 323 2453 praecipue
347 2371 513 2454 Sueviae,
542 2374 728 2455 Bavariae,
759 2374 980 2437 Franconiae
1005 2373 1264 2454 Benedictinis,
1297 2376 1390 2435 unde
1422 2375 1521 2437 multi
1550 2375 1647 2457 agris
1678 2377 1773 2439 bello
1805 2376 1866 2438 tri-

165 2507 238 2589 ginta
252 2531 420 2574 annorum
436 2512 588 2574 vastatis
611 2512 646 2573 in
667 2513 882 2575 monasteria
899 2512 1092 2574 Austriaca
1108 2511 1344 2593 confugerant
1360 2521 1396 2574 et
1411 2512 1567 2594 benigne
1584 2514 1865 2595 excipiebantur,

166 2647 336 2712 societatem
361 2650 528 2712 artiorem
552 2650 705 2712 inierunt
720 2653 753 2732 ¹).
796 2652 922 2732 Itaque
946 2652 1033 2713 ordo
1057 2651 1093 2712 in
1116 2653 1220 2713 terris
1237 2651 1378 2733 Alpinis
1402 2671 1495 2713 nova
1519 2653 1736 2715 incrementa
1759 2653 1865 2734 cepit.

166 2783 193 2844 ln
215 2786 309 2849 Tiroli
342 2797 461 2851 autern
493 2789 626 2851 maiore
658 2791 811 2870 quodam
843 2790 947 2870 copia
977 2789 1104 2852 florere
1136 2791 1272 2870 coepit,
1308 2811 1387 2853 cum
1418 2788 1586 2853 Saebenii
1621 2795 1698 2852 1685
1735 2811 1864 2853 novum

166 2924 333 2988 monialium
358 2935 580 3009 exsurgeret,
605 2946 674 3007 quo
699 2927 837 2989 colonia
861 2947 906 2989 ex
930 2927 1145 2989 monasterio
1170 2928 1443 3009 Nonnbergensi
1467 2929 1621 2991 deducta
1645 2939 1709 2991 est.

263 3063 300 3125 In
324 3063 428 3125 terris
451 3083 537 3126 vero
560 3065 661 3146 regni
686 3065 869 3127 Bohemiei
892 3067 979 3128 ordo
1008 3086 1035 3129 s,
1060 3066 1264 3148 Benedicti,
1296 3076 1486 3148 postquam
1516 3069 1610 3130 bella
1639 3067 1866 3130 Hussitarum

166 3200 289 3275 paullum
312 3201 535 3283 quieverunt,
567 3204 668 3264 tarde
701 3223 722 3265 a
750 3203 1013 3265 calamitatibus
1044 3206 1090 3266 ad
1121 3224 1160 3266 se
1191 3205 1305 3267 rediit.
1351 3193 1441 3266 Nam
1472 3205 1575 3267 bellis
1608 3205 1716 3268 finitis
1747 3216 1867 3269 tamen

165 3334 289 3400 haeresis
310 3348 541 3420 remanserat,
566 3360 667 3421 quae,
698 3362 911 3423 quamquam
939 3362 1004 3423 pro
1032 3362 1128 3405 more
1162 3341 1333 3423 cuiusque
1364 3343 1523 3404 haeresis
1546 3343 1582 3405 in
1605 3345 1726 3424 plures
1749 3356 1867 3408 sectas

166 3475 387 3559 resolvebatur,
412 3487 531 3540 tamen
555 3478 622 3540 sibi
646 3491 814 3542 constans
837 3491 996 3543 veterem
1019 3481 1174 3543 furorem
1199 3491 1234 3543 et
1258 3479 1377 3543 odium
1401 3481 1436 3543 in
1453 3482 1641 3544 ecclesiam
1657 3483 1867 3546 catholicam

167 3607 347 3678 effundebat.
380 3616 540 3679 Abbatia
557 3618 848 3700 BievnoviensiS,
871 3618 1026 3681 fecunda
1049 3618 1109 3680 illa
1132 3628 1254 3699 mater,
1279 3618 1375 3680 humi
1398 3630 1576 3699 prostrata
1600 3621 1749 3684 iacebat.
1782 3622 1867 3684 Eius

168 3749 321 3834 naufragia
345 3753 498 3816 loannes
521 3755 547 3817 I.
577 3775 656 3834 1449
680 3758 770 3818 adeo
795 3757 969 3838 conlegit,
1001 3767 1040 3818 ut
1070 3758 1215 3819 tandem
1247 3757 1452 3820 Braunavia
1482 3758 1732 3839 praepositura
1762 3761 1867 3822 sedes

169 3887 325 3953 abbatialis
357 3891 434 3954 fieri
464 3903 596 3974 posset.
642 3894 759 3955 Tanta
787 3914 874 3956 vero
904 3894 1066 3975 paucitas
1096 3894 1343 3976 religiosorum
1375 3896 1695 3958 Braunaviensium
1726 3916 1867 3977 quoque

169 4038 231 4105 erat,
251 4041 286 4092 ut
306 4033 422 4093 abbas
445 4030 480 4093 in
503 4033 594 4094 hanc
617 4052 746 4094 novam
771 4033 1056 4114 praeposituram
1072 4032 1201 4095 fratres
1219 4033 1412 4098 Cladrubia
1435 4035 1613 4096 deducere
1637 4036 1868 4116 cogeretur2).

171 4159 197 4222 ln
209 4165 262 4229 hoc
276 4169 528 4231 monasterium
540 4179 678 4252 mortuo
692 4157 806 4252 Zizka,
820 4171 920 4233 cuius
936 4173 1071 4252 praeda
1088 4193 1164 4249 1421
1185 4171 1319 4235 facturn
1336 4183 1423 4253 erat,
1439 4173 1586 4253 incolae,
1604 4173 1664 4252 qui
1680 4174 1726 4234 ad
1742 4172 1870 4235 fratres

170 4314 188 4356 s.
210 4299 393 4368 Emmerani
424 4306 709 4369 Ratisbonenses
743 4308 992 4390 confugerant,
1028 4308 1209 4370 redierunt
1240 4318 1276 4371 et
1307 4309 1506 4372 Presticum
1538 4319 1574 4373 et
1605 4310 1871 4373 Tuschkaviam

171 4444 402 4521 praeposituras
425 4444 665 4506 restituerunt.
701 4443 774 4508 Sed
798 4446 1046 4528 praepositura
1067 4466 1093 4507 s.
1112 4444 1323 4509 Catharinae
1339 4447 1602 4529 Pfraumbergii
1617 4468 1732 4510 vacua
1747 4449 1871 4511 relicta

172 4580 241 4653 ests).
265 4579 477 4663 Ostrovium,
493 4585 639 4665 antiqua
652 4584 908 4664 praepositura,
925 4605 946 4646 a
959 4584 1202 4666 Pragensibus
1220 4604 1297 4661 14²²
1313 4585 1388 4646 solo
1401 4595 1555 4664 aequata
1571 4585 1606 4647 in
1622 4585 1871 4667 praepositura

173 4725 190 4768 s.
207 4712 328 4783 loannis
357 4723 425 4781 sub
453 4721 573 4803 lapide
596 4722 739 4803 revixit,
769 4742 860 4803 quae
888 4732 971 4784 tunc
1000 4723 1104 4784 sedes
1135 4723 1305 4784 abbatum
1329 4721 1611 4785 Ostroviensium
1642 4723 1740 4786 facta
1768 4735 1823 4787 est
1837 4728 1871 4804 ⁴).

174 4863 444 4887 *Q—

273 4962 292 5043 ¹)
315 4967 443 5040 Czemy,
467 4967 524 5021 Ein
548 4966 676 5022 Tourist
699 4970 728 5022 in
753 4968 948 5023 Oesterreich
973 4966 1114 5023 wahrend
1137 4966 1191 5021 der
1215 4965 1453 5024 Schwedenzeit.

269 5075 289 5153 ²)
311 5079 485 5134 Chronicon
509 5081 683 5134 monasterii
707 5080 952 5135 Rievnoviensis.

268 5187 289 5264 ³)
312 5187 512 5262 Ziegelbauer
534 5190 552 5247 l.
577 5211 603 5247 c.

268 5298 288 5378 ⁴)
310 5302 402 5357 Frind
432 5302 451 5358 l.
480 5323 505 5359 c.
539 5303 589 5360 IV.
627 5304 841 5359 Nonnullorum
874 5304 1052 5358 sententiam
1086 5303 1250 5359 monachos
1281 5302 1338 5360 sub
1370 5307 1516 5378 regimine
1547 5304 1670 5362 Ioannis
1698 5306 1733 5362 V.
1766 5301 1873 5382 (1518)

173 5410 302 5470 translatos
325 5433 395 5470 esse
418 5415 555 5471 Frindius
579 5415 697 5472 refellit.
