4034 6262
720 496 1002 564 „441-

124 673 175 740 it:
204 678 250 738 ad
277 676 393 739 Deum
421 679 679 741 consolatorem
710 677 824 760 suspi-

124 797 296 880 religionis
313 810 349 861 et
365 798 510 879 pietatis
531 800 680 863 affectus
700 800 824 863 funde-

124 939 165 981 111
181 919 248 981 sibi
265 920 451 983 restitutus
477 933 513 984 et
532 922 698 984 liberiore
723 923 824 1003 quasi

124 1042 235 1103 oculos
252 1033 512 1123 circumferens,
538 1041 629 1124 quae
646 1043 681 1105 in
697 1046 825 1106 natura

124 1163 331 1225 lelectabilia
353 1166 515 1245 canebat,
541 1165 611 1227 imo
636 1184 825 1246 perversos

128 1284 305 1346 hominum
316 1286 372 1346 vel
385 1287 508 1347 horum
521 1286 730 1358 adinvicem
744 1306 825 1347 con-

124 1426 148 1467 is
172 1406 351 1486 diversas,
376 1406 533 1468 ridendis
559 1427 716 1488 semper,
741 1427 827 1468 nun-

125 1528 361 1609 mordacibus,
386 1529 653 1611 perstringebat
668 1529 826 1591 facetiis:

125 1650 136 1712 i
152 1651 295 1730 quando
312 1650 380 1732 ipsi
397 1652 559 1733 deerant,
584 1651 704 1713 iocosa
728 1652 827 1713 dere·

124 1792 157 1834 us
178 1773 349 1835 laudabili
371 1773 448 1834 nisu
465 1776 511 1835 ad
527 1794 673 1836 serenas
689 1775 826 1855 patriae

134 1894 359 1956 extollendas
373 1897 574 1958 adscendit:
591 1897 641 1958 ita
650 1907 779 1976 tamen,
789 1906 827 1956 ut

126 2015 198 2076 iate
220 2017 337 2077 omnia
354 2036 400 2077 ex
416 2017 535 2078 valido
557 2017 664 2079 animi
684 2016 825 2096 affectu,

131 2145 167 2198 et
182 2137 303 2198 nativo
316 2157 478 2199 sermone
490 2137 600 2199 fluere
609 2139 824 2201 viderentur.

124 2279 149 2338 a,
174 2278 267 2319 anno
294 2263 371 2337 1837
395 2260 542 2321 mensib.
560 2259 654 2342 Aug.
672 2270 707 2322 et
724 2258 824 2341 Sept.

124 2383 187 2441 ssam
205 2379 271 2442 iter
288 2380 449 2463 instituit,
466 2382 628 2444 Venetiis
644 2401 729 2443 vero
746 2382 825 2444 ulti-

124 2501 185 2563 'iae
201 2502 402 2564 milliarium
426 2503 529 2585 legit:
554 2503 675 2585 ibique
691 2503 827 2584 aliquot

124 2633 356 2704 ommoratus,
389 2644 454 2686 sex
484 2625 641 2706 pretiosa
672 2626 826 2688 carmina

123 2745 324 2817 exornavit;
347 2747 487 2807 domum
504 2749 618 2808 redux
634 2767 763 2809 novum
780 2767 826 2809 ex

123 2885 200 2927 iere
213 2867 364 2947 poeseos
377 2866 643 2930 incitamentum
656 2868 824 2950 sentiens,

125 2988 358 3069 potissimum,
375 2989 439 3050 sed
453 3010 544 3070 quae
557 2990 710 3052 animum
723 2989 825 3052 simul

124 3119 188 3190 ent,
205 3129 416 3190 componere
433 3112 591 3192 perrexit
604 3122 640 3175 et
652 3133 764 3195 usque
781 3115 827 3174 ad

144 3234 224 3307 1842
243 3251 425 3293 numerum
447 3253 504 3310 114
518 3234 720 3313 poematum
734 3254 827 3296 com-

133 3390 177 3398 —
193 3352 267 3414 Isto
281 3362 400 3415 autem
413 3374 504 3415 anno
521 3355 738 3418 archivarius
754 3376 826 3417 mo-

124 3475 141 3535 ii
166 3483 202 3536 et
224 3476 331 3555 paulo
355 3487 437 3555 post
461 3477 675 3538 secretarius
695 3497 721 3538 r.
743 3480 825 3540 r.·d.

124 3615 139 3657 s
155 3596 374 3678 designatuS,
389 3597 533 3678 insuper
547 3617 667 3659 mense
679 3597 827 3661 Octobri

125 3718 386 3779 mmaticalibus
403 3719 576 3780 classibus
598 3722 643 3781 ad
666 3722 828 3783 docenda

124 3838 203 3900 ‚iora
228 3848 435 3920 provectus,
459 3841 530 3901 late
555 3840 621 3901 sibi
645 3850 827 3922 patentem

124 3979 192 4020 ,1111
217 3952 379 4040 campum
402 3961 550 4022 invenit:
575 3961 755 4023 archivum
782 3983 828 4024 ex

124 4081 190 4143 ¹bili
213 4091 310 4144 strue
337 4082 373 4144 in
400 4083 558 4145 ordinem
583 4083 827 4166 redigendum,

124 4223 140 4264 a
168 4204 380 4265 documenta
404 4206 578 4283 notanda,
604 4216 653 4285 et,
679 4225 769 4286 quae
793 4205 828 4267 in

124 4325 355 4407 ontineantur,
369 4328 414 4387 ad
428 4346 571 4388 succum
585 4327 710 4388 saltem
724 4327 758 4389 in
772 4347 828 4389 ca-

125 4467 158 4508 m
175 4446 376 4519 referenda;
399 4448 433 4509 in
450 4449 571 4509 schola
587 4468 716 4509 novum
733 4448 828 4510 ideo-

124 4568 261 4629 1istrum
270 4568 390 4640 ,adhuc
403 4588 554 4650 pensum
563 4571 827 4651 praestandum,

127 4699 211 4751 anto
228 4688 404 4751 difficilius
421 4690 497 4770 fuit,
524 4710 593 4770 quo
615 4690 728 4752 minus
748 4691 827 4753 libri

124 4811 269 4893 emporis
292 4811 544 4892 discipulorum
569 4812 731 4873 manibus
754 4812 826 4874 triti

124 4934 423 5014 >respondebant
436 4934 584 4995 Talibus
594 4934 827 4997 curisdisten-
864 4964 865 4967 ¹

127 5076 202 5117 rum
231 5055 359 5117 abhinc
381 5055 532 5135 poeseos
557 5055 675 5117 studio
698 5075 828 5117 vacare

148 5177 334 5240 Insudavit
357 5178 502 5238 sedulus
526 5177 745 5239 archivarius
768 5197 828 5239 an-

124 5319 136 5361 s
150 5299 355 5360 monasterii
372 5299 611 5380 elaborandis,
627 5307 735 5380 prout
750 5298 829 5379 ipse

124 5420 261 5483 iswirth
285 5420 320 5481 in
345 5439 453 5501 opere
475 5441 539 5482 suo
567 5420 715 5504 ,Abriss
733 5420 830 5482 einer

905 675 1119 739 Geschichte
1137 677 1199 738 der
1210 677 1590 741 Benedictiner-Abtei
1607 699 1648 740 zu
1665 682 1735 741 den

904 798 1108 880 Schotten“,
1122 819 1214 862 anno
1228 804 1306 878 1857
1318 800 1424 882 edit0,
1437 800 1583 863 fatetur:
1597 821 1636 863 se
1652 802 1736 863 scri-

904 922 1043 982 bendae
1066 920 1235 983 historiae
1258 920 1422 984 Scotensi
1446 922 1616 1003 imparem
1642 923 1735 984 futu-

904 1063 981 1103 rum
1004 1041 1133 1123 fuisse,
1157 1042 1224 1104 nisi
1252 1043 1404 1105 antehac
1428 1044 1644 1106 Bertholdus
1671 1065 1736 1125 per

907 1184 947 1224 20
971 1183 1083 1225 annos
1106 1163 1289 1225 materiam
1313 1175 1385 1226 tam
1409 1167 1591 1226 commode
1617 1165 1736 1246 dispo-

907 1284 1046 1347 suisset.
1071 1282 1222 1365 Scripsit
1239 1285 1355 1367 etiam,
1372 1305 1465 1348 anno
1483 1291 1572 1366 1843,
1590 1287 1734 1348 ineunte

908 1424 972 1467 suo
1003 1405 1038 1467 in
1069 1406 1335 1468 humanioribus
1363 1407 1492 1469 scholis
1520 1408 1736 1489 magisteri0,

910 1528 1157 1608 compendium
1194 1528 1280 1590 artis
1316 1529 1604 1609 mathematicae,
1642 1531 1738 1610 quod

907 1649 1070 1729 quamvis
1087 1670 1157 1712 non
1174 1653 1310 1732 ederet,
1337 1661 1456 1713 tamen
1477 1662 1598 1733 aptam
1619 1652 1654 1713 in
1677 1653 1737 1712 do-

908 1771 1022 1832 cendo
1035 1790 1193 1832 normam
1204 1774 1430 1853 sequebatur.
1448 1774 1642 1853 Postquam
1652 1793 1737 1834 vero

905 1890 1020 1970 prima
1037 1911 1150 1973 eaque
1166 1892 1273 1974 longe
1289 1893 1455 1974 graviora
1481 1894 1515 1954 in
1537 1894 1639 1955 novis
1662 1893 1738 1955 offi-

907 2012 969 2074 ciis
986 2013 1165 2095 stipendia
1180 2026 1367 2095 meruerat,
1389 2017 1434 2076 ad
1452 2016 1636 2077 colendam
1653 2017 1737 2095 poi}-

906 2135 960 2196 sin
976 2137 1190 2216 quandoque
1207 2135 1321 2197 redire
1343 2156 1412 2197 non
1435 2137 1502 2197 sibi
1519 2147 1660 2218 poterat
1677 2158 1737 2199 ne-

905 2275 1010 2337 gare:
1036 2266 1092 2319 ast
1113 2277 1218 2338 quem
1242 2270 1349 2320 antea
1365 2259 1486 2320 mobili
1502 2260 1737 2322 vividissimu-

906 2397 974 2458 que
984 2399 1028 2440 ne
1038 2379 1152 2441 dicam
1162 2380 1477 2462 nugatoriaindole
1486 2381 1596 2443 fuisse
1606 2399 1737 2462 cogno-

906 2500 1030 2581 vimus,
1044 2501 1123 2583 iam,
1136 2502 1318 2563 laboribus
1333 2522 1505 2584 pressum,
1522 2504 1736 2565 severiorem

906 2621 1033 2683 faciem
1050 2622 1207 2684 induisse
1220 2623 1396 2706 miramur,
1414 2624 1683 2687 edisserentem:
1701 2628 1736 2688 in

907 2743 1035 2823 quibus
1051 2763 1136 2805 vera
1154 2744 1260 2806 animi
1277 2746 1515 2826 tranquillitas
1536 2747 1582 2809 sit
1603 2748 1737 2810 inveni-

908 2866 1014 2937 enda;
1040 2866 1100 2927 ubi
1122 2875 1294 2928 terrarum
1311 2868 1443 2948 optime
1459 2868 1526 2929 sibi
1544 2878 1580 2931 et
1595 2869 1644 2930 ita
1662 2871 1738 2950 qui-

908 2989 988 3049 dem
1000 2988 1153 3069 placeat,
1168 2998 1206 3051 ut
1216 2989 1338 3050 mortis
1352 2989 1400 3050 ibi
1413 3009 1572 3052 somnum
1586 2991 1738 3054 dormire

906 3108 1003 3189 velit,
1020 3117 1056 3170 et
1073 3109 1231 3170 eiusdem
1242 3110 1376 3171 tenoris
1392 3111 1471 3172 alia.
1497 3109 1570 3174 Sed
1586 3124 1669 3193 post
1685 3134 1738 3174 re-

906 3229 1059 3292 formata
1093 3250 1158 3311 per
1194 3239 1305 3292 totam
1336 3232 1519 3294 Austriam
1550 3236 1738 3316 gymnasia

908 3353 1017 3434 (1850)
1035 3352 1069 3413 iri
1087 3353 1170 3414 solis
1191 3373 1332 3435 semper
1351 3354 1483 3436 linguis
1499 3354 1677 3418 Germana
1702 3369 1738 3419 et

907 3472 1035 3534 Latina
1056 3473 1124 3535 sibi
1140 3482 1213 3536 tam
1228 3474 1461 3536 familiaribus
1478 3476 1669 3556 discipulos
1687 3478 1738 3539 in-

907 3596 1079 3674 struebat,
1097 3597 1200 3676 unde,
1222 3596 1441 3676 aliquantulo
1462 3596 1607 3657 liberius
1628 3598 1738 3660 otium

907 3726 1043 3798 nactuS,
1066 3716 1231 3778 hilariore
1254 3717 1380 3778 iterum
1401 3717 1517 3778 animo
1538 3717 1657 3779 iocosa
1674 3739 1737 3781 sua

908 3837 1064 3899 carmina
1088 3857 1216 3899 canere
1242 3838 1369 3919 coepit,
1393 3837 1428 3898 in
1453 3838 1581 3918 quibus
1605 3840 1738 3901 rustica

908 3959 967 4020 illa
983 3960 1297 4040 apophthegmata,
1314 3958 1483 4020 brevibus
1496 3969 1648 4039 quatuor
1660 3980 1737 4021 ver-

908 4080 1006 4141 sibus
1018 4081 1191 4160 absoluta,
1201 4079 1372 4162 singulari
1386 4081 1490 4141 laude
1504 4080 1735 4144 nominentur.

909 4202 980 4264 Ast
994 4202 1064 4263 iam
1076 4221 1168 4264 anno
1186 4205 1261 4262 1851
1278 4202 1381 4283 gravi
1395 4203 1483 4263 tussi
1496 4204 1671 4283 laborans,
1687 4203 1737 4264 in-

909 4325 1112 4385 valescente
1128 4326 1251 4384 morbo
1268 4342 1389 4384 mense
1402 4324 1532 4385 Martio
1550 4329 1640 4405 1852,
1658 4346 1738 4406 pro-

908 4445 1047 4506 fessura
1063 4464 1128 4525 pro
1144 4445 1364 4506 restituenda
1385 4445 1537 4507 sanitate
1555 4447 1736 4527 derelicta,

908 4566 1090 4628 Badenam
1115 4586 1153 4627 se
1175 4565 1332 4646 contulit,
1358 4567 1387 4628 si
1412 4566 1503 4628 forte
1528 4568 1738 4648 campestris

908 4663 1034 4751 adr'ad
1051 4688 1224 4749 medelam
1245 4669 1511 4769 percipiendam
1532 4689 1738 4770 profuturus

908 4822 1017 4885 esset;
1035 4811 1258 4873 nihilominus
1275 4812 1400 4873 eodem
1413 4831 1505 4874 anno
1519 4812 1738 4874 dissertatio-

907 4954 988 4996 nem
1015 4935 1059 4995 de
1087 4932 1240 4995 dialecto
1266 4933 1456 4995 Austriaca
1483 4935 1738 5016 programmati

907 5054 1121 5137 gymnasiali
1142 5058 1219 5117 1852
1238 5055 1463 5117 inserendam
1480 5055 1578 5137 typis
1594 5057 1738 5117 manda-

908 5178 971 5259 vit,
995 5215 1036 5223 —
1061 5178 1145 5258 quin
1173 5197 1263 5258 opus
1286 5177 1409 5239 videre
1437 5177 1634 5259 perfectum
1662 5178 1738 5239 dira

908 5320 1002 5362 mors
1026 5300 1095 5382 ipsi
1119 5302 1340 5364 concederet.
1368 5300 1506 5362 Phthisi
1533 5300 1738 5380 pulmonum

910 5422 1093 5485 confectus
1110 5424 1258 5485 Badena
1274 5422 1423 5484 revertit
1438 5432 1485 5504 et,
1501 5440 1593 5484 anno
1610 5421 1739 5483 aetatis

1481 5527 1513 5589 56
