4088 6270
894 495 1176 562 ..420-

251 668 632 760 SchnitzerIoseph
647 680 993 761 (Muro-Griesen-

164 798 243 880 sis),
269 799 377 860 Tiroli
404 819 517 880 prope
543 799 728 862 Meranum
756 800 813 862 die
842 805 892 863 25.
917 801 993 864 Iun.

168 926 245 983 1832
273 930 391 999 natuS,
416 921 623 1002 religionem
649 921 830 1003 ingressus
855 931 890 983 et
914 941 994 1002 pro-

1073 677 1131 739 die
1153 700 1198 756 14.
1216 678 1315 761 Sept.
1338 687 1412 743 1831
1439 695 1475 745 et
1495 683 1717 766 insequentis
1738 691 1808 751 anni
1825 693 1862 754 die

1079 820 1124 863 12.
1154 802 1248 884 Aug.
1278 805 1468 867 sacerdotii
1498 806 1674 887 primitias
1701 812 1865 875 celebrarit.

1078 926 1243 1002 1832-34
1269 926 1398 1005 partim
1423 938 1637 1008 cooperator
1659 930 1695 992 in
1711 930 1867 1012 Thalhein,

163 1044 280 1106 fessus
297 1055 351 1105 est
368 1043 424 1104 die
442 1048 470 1105 8.
488 1043 574 1104 Dec.
598 1048 687 1120 1854.
712 1043 885 1123 Acceptis
903 1044 994 1105 ordi·
1073 1045 1201 1124 partim
1211 1048 1418 1126 provisorin
1428 1049 1545 1122 Rohr;
1564 1055 1873 1131 1834-390115511111

163 1167 267 1229 nibus
284 1166 393 1227 sacris
411 1165 468 1227 die
487 1186 532 1243 17.
547 1165 651 1227 Febr.
671 1168 761 1245 1856,
778 1185 843 1245 per
858 1166 994 1247 aliquot

163 1308 274 1350 annos
291 1297 511 1369 cooperator,
529 1288 640 1349 lector
657 1300 692 1349 et
709 1287 880 1369 magister
895 1288 994 1349 novi-

163 1411 291 1473 tiorum
309 1421 394 1490 erat,
420 1429 512 1471 nunc
529 1429 614 1470 vero
636 1429 850 1471 oeconomus
873 1429 994 1471 mona-

164 1533 272 1595 sterii.
290 1532 405 1593 Notus
418 1542 473 1593 est
486 1541 524 1593 ut
537 1533 651 1592 bonus
664 1531 918 1612 ornithologus,
934 1530 993 1611 qui

163 1656 267 1718 simul
282 1655 317 1717 in
334 1665 410 1716 arte
427 1654 545 1715 avium
558 1654 671 1734 pelles
685 1652 889 1715 effarciendi
902 1652 993 1733 peri·

162 1778 320 1841 tissimus
334 1777 577 1839 collectionem
595 1776 717 1838 talium
734 1776 851 1838 avium
869 1775 904 1838 in
921 1795 993 1837 mo-

164 1900 319 1962 nasterio
337 1897 518 1960 Griesensi
537 1898 704 1960 condidit.
988 1868 993 1877 ὁ

249 2014 438 2087 Schober
472 2023 737 2086 Aemilianus
767 2023 993 2106 (Mellicen-

161 2143 244 2223 sis),
269 2142 481 2204 Austriacus
504 2141 789 2223 Cremifanensis,
814 2154 919 2203 natus
945 2146 992 2204 16.

163 2267 267 2329 Febr.
294 2272 389 2346 1713,
417 2265 578 2327 sollemni
606 2264 828 2346 professione
856 2265 913 2326 die
943 2284 993 2342 ²7·

161 2389 249 2451 Dec.
271 2394 349 2466 1733
368 2387 584 2449 monasterio
601 2387 803 2467 adstrictus,
817 2386 993 2449 Viennam

162 2512 290 2573 missus
327 2510 447 2591 ibique
485 2509 697 2571 candidatus
731 2528 796 2589 pro
828 2527 993 2588 suprema

161 2636 282 2695 laurea
303 2634 540 2713 adprobatus,
566 2631 622 2692 die
645 2653 695 2693 21.
711 2630 816 2692 Mart.
838 2634 917 2708 1738
938 2649 992 2691 sa·

162 2756 320 2817 cerdotio
344 2755 577 2836 inauguratus
602 2763 666 2816 est.
703 2753 785 2815 Fuit
811 2752 994 2833 professor

160 2877 415 2955 humaniorum,
433 2876 515 2937 dein
532 2875 778 2955 philosophiae
802 2884 837 2936 et
857 2873 992 2936 theolo-

161 2999 252 3080 giae,
272 3018 321 3075 27·
340 2998 443 3058 Febr.
467 2996 573 3077 prior,
596 3005 631 3057 et
653 3018 682 3071 q.
699 2996 762 3058 Iul.
784 2999 863 3073 1755
888 3015 991 3076 paro-

162 3121 248 3181 chus
264 3121 299 3181 in
314 3117 501 3198 Gettstorf,
520 3117 578 3179 ubi
594 3117 768 3178 stomachi
781 3117 879 3178 cibos
892 3116 991 3178 fasti-

161 3242 292 3303 dientis
327 3244 418 3303 malo
455 3250 639 3320 correptus
675 3241 868 3301 accedente
905 3257 990 3321 apo-

160 3363 281 3443 plexia
298 3363 355 3424 die
372 3368 401 3423 5.
419 3363 507 3424 Nor.
531 3371 609 3440 1700
633 3360 785 3422 animam
806 3380 906 3421 suam
927 3379 990 3439 po·

159 3487 239 3549 suit.
264 3485 429 3566 Scripsit:

247 3613 268 3668 1.
298 3612 463 3668 Tractatus
492 3610 681 3683 theologicus
709 3609 745 3663 de
772 3610 988 3681 augustissimo

159 3719 372 3773 incarnationis
391 3717 543 3789 mysterio.
562 3721 604 3786 4⁰.
627 3714 788 3786 1744315.

244 3822 281 3877 Il.
299 3822 386 3896 Opus
403 3821 637 3896 apologeticum,
652 3818 793 3874 videlicet
810 3837 902 3893 super
918 3817 988 3872 illud

157 3927 291 3983 Viennae
320 3939 488 3981 emanatum
520 3925 556 3980 de
589 3925 742 3979 erectione
775 3925 987 3979 canonicorum

158 4029 300 4086 nobilium
317 4032 345 4084 in
362 4030 492 4085 ecelesia
514 4028 550 4084 ad
574 4048 597 4082 s,
616 4026 810 4102 Stephanum,
838 4028 888 4101 qui
912 4045 987 4101 pau·

158 4154 248 4208 peres
265 4133 381 4190 nobiles
405 4133 490 4188 simul
513 4145 615 4188 essent
636 4131 764 4188 abbates
787 4132 986 4186 monasterio-

157 4258 220 4293 rum
238 4240 266 4293 in
284 4238 414 4293 Austria.
432 4237 496 4292 Fol.
520 4251 609 4308 1752.
632 4235 687 4290 lis.
705 4237 735 4290 in
751 4236 874 4290 archivo
891 4235 985 4289 Melli-

160 4361 251 4397 CCssSl.

243 4451 561 4546 Schoenberger
576 4461 761 4524 Basilius
778 4460 986 4539 (Cremifa-

157 4580 318 4661 nensis),
329 4592 434 4642 antea
445 4578 985 4662 GeorgiusAustriacusKirch·

158 4701 343 4780 dorfensis,
366 4702 422 4763 die
451 4707 496 4765 18.
515 4704 601 4782 Apr.
625 4709 702 4781 1807
727 4711 841 4782 1111115,
865 4703 986 4764 huma·

156 4823 278 4884 nitatis
310 4833 345 4884 et
376 4823 623 4905 philosophiae
655 4824 772 4885 studia
804 4824 931 4885 omnia.
951 4824 986 4885 in

157 4945 286 5006 scholis
308 4944 631 5007 cremifanensibus
652 4947 841 5027 percurrit;
867 4948 912 5008 ob
938 4946 987 5007 in·

157 5068 293 5149 signem
305 5068 536 5130 eruditionem
551 5069 585 5130 in
599 5068 852 5130 monasterium
865 5088 987 5148 recep·

157 5198 223 5270 tus,
241 5192 405 5251 absoluto
423 5191 597 5252 novitiatu
615 5191 818 5272 theologiae
832 5189 987 5270 discipli·

157 5331 221 5372 nas
237 5313 365 5393 partim
383 5314 417 5374 in
436 5313 529 5375 univ.
541 5313 705 5394 Vindob,
730 5313 857 5394 partim
880 5312 914 5373 in
935 5313 987 5394 ly-

157 5452 220 5494 ceo
237 5433 414 5496 Linciensi
432 5435 553 5513 audiit,
579 5456 605 5496 s.
624 5437 781 5517 regulam
804 5434 987 5516 professus

1073 1170 1402 1252 grammaticalium,
1425 1176 1593 1252 1839-46
1607 1175 1768 1237 classium
1779 1178 1874 1238 huna-

1074 1289 1196 1351 nitatis
1204 1291 1400 1371 professor;
1416 1298 1584 1373 1846—49
1596 1295 1793 1375 praefectus
1800 1319 1878 1380 gym-

1075 1411 1164 1472 nasii
1181 1421 1217 1473 et
1233 1413 1405 1494 magister
1421 1415 1508 1476 artis
1525 1417 1804 1499 paedagogicae;
1818 1439 1884 1480 1111-

1074 1542 1148 1594 tata
1172 1534 1369 1596 studiorum
1392 1536 1530 1598 ratione
1555 1537 1738 1617 professor
1758 1539 1885 1622 linguae·

1074 1654 1245 1736 Graecae,
1271 1655 1359 1718 obiit
1381 1657 1415 1718 in
1437 1659 1609 1720 cathedra
1632 1662 1759 1722 sedens
1780 1671 1809 1723 et
1827 1664 1886 1722 do—

1073 1796 1157 1838 cens
1174 1786 1291 1839 tactus
1308 1780 1500 1860 apoplexia
1517 1781 1575 1843 dic
1593 1785 1621 1844 8.
1639 1783 1702 1846 Iul.
1724 1787 1803 1845 1850.

1159 1921 1393 1997 Manuscriptam
1416 1923 1536 1998 reliquit
1559 1927 1712 1981 variorum
1733 1941 1882 2002 poematum

1073 2024 1291 2082 collectionem.
1309 2033 1352 2098 4⁰.
1372 2041 1412 2099 70
1428 2046 1457 2102 p.
1476 2026 1561 2102 Sign.
1579 2030 1612 2085 B.
1631 2045 1682 2101 43.

1159 2170 1381 2243 Schramm
1412 2184 1674 2248 Romualdus
1706 2187 1870 2267 (Breuno-

1072 2299 1505 2385 veno·Braunensis),
1537 2323 1559 2364 a
1591 2303 1757 2366 Braunau
1783 2304 1868 2366 Bohe

1072 2421 1173 2483 miae.
1198 2421 1313 2485 Natus
1335 2428 1364 2486 5.
1382 2421 1481 2505 Sept.
1504 2430 1584 2487 1833
1610 2427 1777 2488 absolutis
1793 2446 1864 2508 gym-

1073 2542 1163 2603 nasii
1184 2543 1311 2605 studiis
1331 2544 1493 2607 habitum
1509 2547 1732 2627 probationis
1751 2546 1860 2609 novitio

1072 2683 1147 2724 rum
1176 2664 1289 2726 induit
1318 2668 1415 2746 1853,
1444 2676 1480 2728 et
1504 2667 1562 2729 die
1587 2673 1617 2731 6.
1643 2666 1741 2748 Sept.
1768 2673 1826 2745 1857
1843 2686 1858 2726 s.

1071 2787 1217 2866 regulae
1230 2787 1494 2849 observantiam
1503 2787 1689 2868 professus
1699 2798 1759 2853 est.
1771 2788 1857 2852 Sacer·

1071 2905 1168 2967 dotio
1190 2911 1269 2969 1858
1287 2907 1343 2968 die
1367 2929 1417 2986 29.
1435 2908 1498 2970 lul.
1523 2907 1685 2972 initiatus
1707 2930 1788 2972 anno
1804 2911 1856 2970 sub·

1071 3028 1234 3108 sequenti
1247 3041 1395 3091 vocatus
1409 3040 1464 3092 est
1476 3032 1522 3091 ab
1535 3032 1670 3093 abbate
1685 3051 1747 3094 suo
1760 3032 1797 3093 ad
1809 3027 1858 3091 offi-

1071 3150 1162 3212 cium
1180 3150 1360 3212 secretarii
1376 3150 1578 3233 abbatialis,
1597 3162 1634 3214 et
1649 3156 1695 3215 ab
1712 3157 1858 3214 anno1tlt

1069 3272 1166 3334 vices
1190 3272 1266 3354 agit
1293 3273 1487 3353 provisoris
1510 3275 1717 3337 monasterii
1741 3276 1857 3336 Bienno-

1070 3394 1213 3456 viensis

1156 3517 1286 3595 Scripsit
1302 3520 1519 3594 necrologium,
1537 3522 1622 3596 quod
1635 3521 1691 3578 sub
1705 3522 1781 3578 titulo
1796 3520 1859 3578 „fra-

1069 3639 1131 3680 tres
1147 3644 1176 3681 0.
1194 3644 1218 3679 s.
1237 3625 1268 3679 Β.
1286 3625 1485 3680 Βῖενηονεεηο
1496 3626 1709 3682 -ssraunenses
1725 3629 1751 3681 in
1765 3625 1859 3680 Domino

1069 3727 1218 3784 defuneti“
1232 3729 1373 3802 catalogo
1384 3729 1597 3802 religiosorum
1611 3729 1775 3785 eorumdem
1786 3743 1858 3783 mona·

1069 3835 1228 3888 steriorum
1246 3851 1324 3888 anno
1346 3832 1424 3906 1867
1443 3851 1590 3890 annexum
1607 3848 1663 3890 est.
1680 3835 1794 3908 pragae,
1805 3831 1859 3904 opis

1070 3939 1102 3994 C.
1120 3938 1282 3993 Bellmann.
1302 3936 1343 3994 8⁰.
1363 3952 1399 4010 72
1420 3957 1448 4013 p.

1154 4084 1503 4157 Schrazenthaler
1529 4096 1770 4158 Bonifacius
1792 4091 1859 4170 {Ad-

1067 4211 1331 4292 montensis),
1359 4212 1475 4275 Stirus
1496 4233 1516 4275 e
1538 4212 1655 4276 Goess
1677 4214 1824 4276 oriundus
1842 4227 1857 4267 1.

1066 4334 1170 4397 Febr.
1193 4354 1282 4414 1707,
1306 4344 1390 4396 vota
1411 4335 1529 4397 emisit
1549 4337 1733 4398 sollemnia
1751 4332 1858 4397 30111.

1071 4477 1161 4536 1714,
1185 4466 1219 4518 et
1237 4467 1423 4539 neomysta
1443 4457 1544 4519 stetit
1565 4460 1611 4520 ad
1631 4455 1858 4531 1111103371-

1071 4582 1161 4655 1731.
1186 4577 1280 4639 Prof.
1298 4578 1476 4660 gymnasii
1493 4591 1529 4640 et
1546 4580 1746 4662 theologiae
1760 4570 1855 4640 consti·

1067 4711 1182 4781 tutus,
1209 4701 1380 4762 curatiam
1404 4700 1612 4763 Hallensem
1635 4693 1856 4764 administravit

1067 4831 1103 4884 et
1120 4822 1332 4884 secretarius
1354 4841 1465 4885 rever.
1484 4823 1576 4884 dom.
1594 4823 1734 4885 abbatis
1754 4832 1785 4882 et
1801 4834 1856 4878 con-

1066 4943 1288 5026 gregationis
1306 4943 1591 5024 salisburgensis
1612 4953 1667 5006 est
1685 4934 1855 5006 nominatus

1067 5065 1283 5146 Bonifacius,
1307 5065 1397 5146 prof.
1415 5066 1604 5147 iubilaeus,
1621 5067 1675 5129 vir
1691 5064 1854 5146 praeclarae

1066 5187 1282 5268 eruditionis,
1297 5188 1468 5250 scientiae
1482 5197 1517 5250 et
1531 5209 1683 5271 magnae
1696 5178 1855 5250 sanctitatis

1067 5310 1155 5372 obiit
1172 5310 1265 5371 domi
1285 5316 1334 5371 zo.
1353 5310 1456 5373 Febr.
1479 5315 1569 5389 1775.

1154 5432 1266 5515 Typis
1282 5433 1489 5513 prodierunt
1505 5435 1551 5494 ab
1568 5452 1625 5495 eo:
