4034 6262
721 521 1005 597 *1397-

124 714 201 772 7ibus
217 728 246 772 et
260 717 365 772 amicis
387 730 434 787 13.
448 717 511 772 Iun.
530 714 611 789 1804
631 715 825 773 celebratum.

150 820 172 876 l.
195 819 232 877 G.
248 819 277 875 T
279 820 402 876 rassler.
429 819 470 876 8⁰.
498 836 517 893 4
539 818 590 878 fol.
617 821 651 877 In
674 820 745 877 bibl.
771 819 827 877 sub

124 925 194 999 iign.
211 925 246 980 R.
264 943 290 981 e.
310 923 360 980 26.
377 926 434 981 No.
453 939 503 981 20.

127 1091 134 1104 .
160 1048 193 1104 In
213 1050 420 1104 anniversaria
441 1047 597 1103 electionis
618 1046 666 1103 die
692 1047 739 1104 18.
756 1047 826 1103 Maii

124 1153 146 1207 ).
163 1152 323 1227 Augustini
340 1152 426 1208 Koch
449 1153 478 1207 in
500 1170 579 1208 mon.
597 1151 700 1225 Raigr.
722 1149 826 1207 Abba·

124 1271 133 1313 t
156 1257 311 1312 Moraviae
333 1256 470 1331 praelati.
502 1257 635 1321 Bruuae,
663 1258 742 1331 typis
765 1256 825 1312 Ios.

137 1361 290 1426 Trassler‚
312 1361 403 1432 1814.
425 1376 436 1416 1
453 1359 504 1416 sol.
522 1361 555 1416 In
568 1359 639 1416 bibl.
653 1360 757 1416 u'ostra
770 1359 827 1417 sub

124 1467 194 1541 liga.
213 1463 245 1521 S.
264 1464 283 1521 f.
301 1463 395 1538 4614.
513 1474 514 1478 ’

136 1587 174 1643 D.
192 1588 339 1644 Othmaro
356 1606 434 1643 mon.
450 1587 552 1661 Raigr.
569 1605 672 1662 praep.
691 1585 825 1650 infulato,

135 1691 266 1749 iubilaeo
297 1690 495 1767 professionis
522 1709 628 1746 sacrae
652 1690 731 1747 sesto
755 1710 826 1747 suus

124 1800 210 1853 simus
227 1810 394 1853 conventus
411 1792 526 1873 (1804).
553 1796 679 1862 Brunae‚
701 1813 726 1851 s.
748 1813 826 1852 anno

124 1900 330 1958 Siedlerianis.
358 1898 400 1956 8⁰.
426 1899 490 1957 Fol.
516 1899 544 1956 8.
571 1899 605 1954 In
626 1897 699 1955 bibl.
722 1912 827 1955 nostra

141 2005 235 2078 2067.
252 2006 336 2061 Misc.

188 2228 222 2309 b)
241 2225 362 2309 Opera
378 2224 633 2306 manuscripta:
732 2264 738 2274 ·

124 2402 570 2460 WissenschaftlicheAulsatze
587 2421 641 2458 aus
658 2401 711 2457 der
723 2404 826 2458 reinen

124 2507 304 2583 gewandten
332 2507 536 2564 Mathematik.
569 2506 740 2563 Electrisir·
768 2505 827 2561 und

124 2613 280 2675 naschine‚
306 2610 466 2676 Fernstab‚
488 2613 706 2677 Baummesser‚
728 2608 827 2666 Briele

124 2737 147 2774 e.
161 2718 252 2774 Varia
266 2715 421 2773 elaborata
434 2735 470 2771 ex
485 2716 621 2780 mathesi,
639 2715 763 2790 physica
776 2733 828 2770 ex-

124 2822 184 2878 itali
202 2819 272 2899 etc.)
296 2836 313 2893 3
333 2822 421 2877 Fasc.
446 2823 475 2876 in
497 2819 547 2876 fol.
573 2818 629 2876 sub
650 2820 684 2875 C.
701 2839 725 2875 r.
747 2833 824 2890 1-3

165 3045 190 3126 1)
227 3046 367 3103 Entwurl
399 3067 433 3102 zu
470 3049 565 3103 einem
603 3047 826 3122 Telegraphen.

124 3172 147 3209 :r
164 3152 211 3208 die
229 3151 475 3227 Thermolampe.
500 3147 529 3228 3)
552 3150 759 3224 Releuchtung
774 3151 829 3206 der

124 3259 198 3314 chen
226 3256 464 3331 Ladungslehre.
500 3253 531 3332 4)
556 3255 748 3330 Austragung
775 3254 829 3310 der

125 3363 188 3418 uhr.
207 3360 237 3441 5)
249 3361 327 3418 Vom
339 3361 511 3417 Nivelliren.
530 3357 560 3438 ὁ)
572 3360 741 3416 Gedanlren
754 3358 830 3415 iiber

123 3466 249 3540 issrage:
267 3464 316 3522 Ob
333 3465 388 3521 das
401 3463 583 3539 Ausgraben
599 3465 829 3538 ausgehaueuer

127 3571 202 3628 oder
215 3571 269 3627 das
282 3571 462 3627 Ausriickeu
475 3588 587 3643 ganzer
599 3570 710 3625 Baume
723 3582 829 3624 sammt

124 3676 181 3732 und
205 3676 348 3732 Wurzeln
372 3675 425 3731 der
449 3673 641 3730 Baumcultur
664 3674 829 3748 zutraglich

124 3782 201 3837 ches
217 3781 352 3846 leichter‚
370 3780 493 3835 mittelst
511 3779 642 3834 welcher
655 3778 830 3834 Maschinen

126 3930 133 3942 .
160 3884 189 3964 7)
207 3886 406 3958 Berechnung
422 3885 475 3941 der
491 3886 695 3957 Bestimmung
711 3883 764 3938 des
780 3882 828 3938 ln·

124 4011 175 4048 nes
189 3990 279 4065 jeden
296 3991 530 4045 Baumstammes
547 3988 622 4043 nach
636 3986 828 4043 Kubikmass

124 4094 273 4151 ilaborata
296 4097 381 4150 varia
406 4093 442 4149 de
468 4093 664 4168 telegraph0‚
694 4090 830 4166 lampade

126 4218 152 4267 a,
170 4199 206 4255 de
224 4198 368 4254 electrica
385 4195 454 4275 etc.)
472 4197 536 4253 Fol.
550 4199 634 4252 varia
651 4194 707 4252 sub
724 4195 758 4251 C.
774 4211 829 4267 r.4

124 4427 137 4482 3.
167 4425 194 4505 1)
219 4426 394 4499 Zeichnung
417 4424 476 4480 und
501 4423 729 4497 Beschreibung
757 4422 832 4479 iiber

124 4531 271 4596 aschinen,
286 4533 388 4586 womit
401 4548 510 4602 grosse
522 4529 646 4595 Lasten‚
658 4528 832 4602 vorziiglich

124 4654 158 4702 tn,
177 4634 230 4690 aul
244 4636 341 4708 Berge
358 4633 499 4707 gehoben
516 4632 575 4688 und
588 4631 833 4706 hindbergesetzt

139 4739 271 4805 konnen,
296 4737 354 4793 und
380 4736 408 4815 2)
426 4739 491 4793 eine
508 4737 670 4804 Maschine‚
694 4737 741 4793 die
762 4737 833 4792 sehr

124 4845 181 4898 eine
205 4860 314 4916 grosse
338 4843 446 4916 Menge
471 4841 597 4897 Wasser
621 4860 656 4898 so
681 4841 759 4897 hoch
787 4841 832 4896 als

124 4947 149 5002 ill
171 4945 253 5011 heht,
278 4965 334 5002 neu
357 4945 501 5002 ersunden
521 4964 581 5002 von
597 4946 682 5003 Vinc.
700 4947 779 5003 Olim
804 4949 832 5002 in

124 5071 147 5116 1,
176 5050 272 5123 1788,
298 5053 349 5106 mit
375 5051 602 5124 Bemerlrungen
631 5050 688 5106 und
713 5050 833 5107 Wider·

124 5174 152 5211 tn
176 5174 236 5211 von
258 5157 289 5211 P.
307 5155 345 5211 G.
364 5153 395 5211 S.
412 5155 506 5211 Local
531 5158 560 5212 in
581 5153 720 5228 Syrovic,
743 5154 832 5211 1800.

124 5261 278 5316 instructio
292 5260 447 5315 machinae
460 5259 496 5314 ad
510 5257 727 5315 sublevandum
740 5277 834 5315 onera

124 5364 172 5418 'ius
191 5363 345 5420 machinae
358 5364 395 5419 ad
408 5383 517 5438 aquam
530 5382 587 5439 pro
601 5361 685 5419 libitu
700 5365 729 5419 in
742 5363 832 5420 altum

127 5466 254 5545 endam.)
271 5468 336 5524 Fol.
354 5470 438 5523 varia
454 5466 510 5523 sub
528 5468 561 5524 C.
579 5487 602 5523 1.
621 5481 638 5539 5
657 5467 780 5525 archivi.

994 718 1044 774 IV.
1063 718 1205 775 Eiusdem
1222 720 1426 775 commentarii
1450 718 1557 783 diurni,
1579 718 1738 792 epistolae,

907 839 1002 897 opera
1019 823 1237 879 mathematica.
1255 819 1502 900 (1798—1810.)
1525 823 1613 878 Fasc.
1635 837 1660 877 1.
1682 820 1738 877 sub

908 926 941 982 C.
960 945 983 982 r.
1002 924 1020 981 ὁ
1036 926 1160 983 archivi.

972 1030 1030 1087 'V.
1052 1029 1210 1086 Eiusdem:
1240 1027 1264 1108 1)
1290 1028 1430 1086 Entwurl
1451 1050 1486 1085 zu
1510 1031 1607 1086 einem
1632 1031 1738 1104 Zeige-

907 1133 1020 1200 werke,
1045 1152 1092 1191 wo
1117 1134 1165 1190 die
1181 1132 1243 1189 Ab·
1266 1134 1325 1189 und
1348 1134 1499 1190 Zunahme
1522 1133 1576 1190 des
1601 1134 1737 1199 Mendes,

907 1238 1016 1295 dessen
1040 1238 1231 1312 alltaglicher
1251 1236 1325 1293 Aul·
1350 1238 1409 1293 und
1431 1238 1634 1312 Niedergang‚
1659 1237 1737 1293 dann

907 1342 955 1399 die
972 1339 1111 1398 Sonnen·
1128 1341 1187 1397 und
1203 1342 1528 1408 Mondesfmsternisse‚
1551 1342 1667 1399 endlich
1685 1342 1739 1397 der

907 1445 981 1503 Aus—
997 1447 1056 1503 und
1072 1447 1266 1521 Niedergang
1289 1447 1344 1503 der
1363 1445 1465 1504 Sonne
1489 1445 1543 1502 auf
1561 1446 1638 1503 viele
1653 1447 1739 1523 Jahr-

907 1552 1054 1609 hunderte
1077 1552 1255 1626 dargestellt
1276 1552 1408 1609 werden.
1433 1549 1462 1629 (i.
1487 1570 1513 1608 e.
1538 1550 1737 1607 Adumbratio

907 1655 1063 1737 machinae
1084 1658 1305 1713 astronomicae
1326 1654 1397 1735 etc.)
1422 1655 1451 1734 2)
1475 1654 1582 1711 Medea
1603 1654 1740 1711 Senecae

906 1779 997 1816 versu
1021 1761 1146 1818 heroico
1174 1760 1299 1817 reddita.
1331 1759 1363 1840 3)
1388 1760 1680 1817 Wassermaschine.
1710 1758 1740 1837 4)

907 1863 1213 1922 Laubbaummesser.
1244 1863 1274 1942 5)
1298 1864 1458 1921 Fernstab.
1484 1865 1571 1920 Fasc.
1597 1866 1625 1920 in
1649 1867 1740 1920 variis

907 1968 986 2026 soliis
1002 1967 1058 2025 sub
1075 1970 1109 2026 C.
1127 1989 1151 2026 r.
1171 1984 1186 2042 7
1205 1971 1286 2026 arch.

993 2092 1043 2148 Vl.
1070 2091 1226 2148 Eiusdem:
1250 2089 1408 2148 Fernstab.
1433 2087 1463 2166 (i.
1482 2109 1508 2146 e.
1532 2090 1578 2145 De
1600 2108 1739 2145 mensura

907 2193 1090 2273 distantiae.)
1107 2194 1170 2252 Sub
1188 2196 1222 2252 C.
1239 2216 1263 2252 r.
1282 2194 1387 2262 8—1o
1404 2194 1528 2250 archivi.

994 2318 1061 2375 VII.
1072 2318 1303 2391 Bemerkungen
1317 2314 1392 2372 tiber
1404 2315 1451 2371 die
1465 2314 1740 2387 Holzausruckung

907 2440 961 2478 aus
974 2421 1031 2477 den
1044 2422 1269 2496 Holzschlagen
1281 2421 1335 2477 der
1348 2421 1538 2476 Domalover
1547 2417 1740 2491 Waldungen

907 2540 1015 2583 sammt
1023 2523 1646 2598 Stammholzverkauss·Controllregister‚
1659 2522 1739 2594 1790

908 2645 1045 2704 -1799,
1070 2628 1099 2709 (i.
1116 2649 1143 2686 e.
1165 2630 1257 2686 Varia
1280 2642 1384 2685 notata
1408 2627 1444 2684 de
1469 2628 1610 2684 silvarum
1635 2624 1740 2704 cultu.)

908 2734 971 2792 Sub
988 2736 1023 2792 C.
1040 2756 1063 2791 r.
1086 2750 1118 2790 11
1139 2736 1263 2791 archivi.

995 2839 1076 2896 v111.
1093 2838 1347 2896 Adumbrationes
1364 2851 1543 2894 statutorum
1566 2855 1621 2912 pro
1645 2836 1741 2890 samu·

907 2945 953 3012 lis,
970 2947 1143 3020 quaesitore
1160 2958 1218 3001 etc.
1235 2943 1448 3000 monasteriali.
1466 2943 1553 2998 Fasc.
1572 2940 1665 2998 insol.
1684 2939 1741 2996 sub

908 3050 941 3106 C.
959 3069 983 3106 r.
1005 3065 1039 3106 12
1058 3049 1181 3105 archivi.

995 3155 1046 3210 IX.
1079 3154 1273 3210 Continuatio
1302 3152 1464 3228 protocolli
1496 3151 1653 3207 domestici
1686 3169 1742 3206 seu

877 3237 884 3254 ’
908 3258 1144 3315 memorabilium
1158 3261 1311 3334 prioratus
1321 3258 1425 3332 Raigr.
1439 3256 1573 3313 eiusdem
1587 3274 1740 3312 commen·

907 3365 975 3419 tarii
996 3362 1092 3419 diurni
1114 3378 1171 3420 etc.
1195 3364 1283 3419 Fasc.
1308 3362 1367 3418 duo
1391 3361 1428 3417 de
1452 3379 1531 3417 anno
1564 3358 1742 3433 1807-10‚

909 3465 964 3523 sub
982 3468 1015 3523 F.
1038 3482 1084 3523 11.
1102 3486 1119 3522 a
1135 3471 1186 3539 5s1
1209 3481 1238 3522 et
1255 3464 1273 3523 6
1290 3466 1414 3523 archivi.

996 3591 1032 3645 X.
1058 3590 1242 3646 Functiones
1263 3587 1453 3664 parochiales
1475 3600 1504 3642 et
1524 3585 1582 3641 alia
1600 3603 1636 3640 eo
1653 3603 1743 3659 spec·

910 3696 1003 3750 tantia
1013 3691 1068 3749 sub
1082 3707 1187 3749 curato
1201 3707 1231 3749 et
1243 3694 1345 3768 priore
1355 3690 1392 3747 G.
1403 3688 1470 3746 Saz.
1485 3691 1572 3746 Fasc.
1584 3704 1613 3744 2.
1631 3688 1741 3743 divers.

910 3796 1035 3864 formae,
1053 3799 1117 3853 sine
1133 3815 1203 3872 pag.
1222 3796 1278 3853 sub
1296 3797 1328 3852 F.
1350 3811 1397 3851 11.
1414 3814 1441 3850 a.
1462 3809 1489 3867 7.
1507 3794 1525 3851 8
1543 3793 1667 3849 archivi.

997 3921 1048 3976 XI.
1066 3920 1175 3993 Einige
1192 3917 1398 3975 Actenstiicke
1415 3916 1469 3972 der
1485 3914 1741 3986 Verhandlungen

911 4025 987 4080 nach
998 4025 1064 4080 dem
1079 4023 1253 4080 Absterben
1266 4022 1319 4078 des
1333 4022 1411 4077 Pral.
1425 4020 1562 4076 Othmar.
1580 4016 1609 4096 (i.
1624 4037 1650 4073 e.
1665 4017 1744 4073 Acta

912 4128 1058 4204 quaedam
1075 4131 1104 4183 in
1122 4147 1213 4184 causa
1229 4126 1405 4183 hereditatis
1422 4139 1492 4201 post
1514 4122 1629 4179 obitum
1647 4123 1741 4198 prael.

912 4233 1049 4289 Othmari
1071 4230 1173 4308 1813.)
1191 4234 1277 4288 Fasc.
1296 4233 1324 4286 in
1337 4229 1390 4286 fol.
1407 4232 1472 4286 sine
1485 4247 1556 4304 pag.
1574 4226 1629 4285 sub
1643 4228 1675 4283 F.
1696 4242 1743 4283 11.

912 4356 939 4393 a.
959 4353 977 4410 9
994 4337 1117 4392 archivi.

1000 4482 1182 4558 Sbenian
1211 4493 1475 4557 Cherubinus
1500 4490 1744 4574 (Mechitha-

912 4613 1040 4692 rista),
1063 4611 1373 4694 Constantinopoli
1394 4611 1452 4672 die
1473 4615 1521 4674 13.
1537 4610 1641 4671 Mart.
1665 4613 1742 4686 1817

912 4745 1027 4816 natus,
1045 4734 1206 4797 Viennae
1230 4735 1265 4797 in
1289 4736 1393 4797 Aust.
1418 4755 1445 4797 s.
1469 4733 1591 4796 habitu
1613 4731 1670 4793 die
1694 4736 1744 4795 25.

913 4857 1018 4920 Mart.
1039 4862 1118 4919 1833
1136 4856 1290 4936 indutus,
1308 4857 1365 4918 die
1386 4876 1433 4917 10.
1451 4856 1539 4936 Apr.
1556 4863 1642 4916 vota
1660 4854 1744 4915 emi-

914 4979 974 5058 sit,
1003 4989 1039 5041 et
1062 4950 1119 5040 die
1143 4984 1172 5040 8.
1197 4977 1298 5060 Sept.
1327 4981 1406 5040 1838
1435 4987 1663 5041 consecratus
1689 4988 1746 5038 est

913 5102 1113 5182 presbyter.
1138 5100 1178 5162 In
1199 5100 1414 5163 monasterio
1431 5100 1646 5162 demandata
1663 5107 1746 5161 sunt

913 5221 1028 5283 eidem
1040 5241 1186 5283 munera
1198 5222 1469 5302 bibliothecarii,
1483 5220 1658 5303 praefecti
1675 5221 1745 5282 cle·

912 5344 1064 5406 ricorum
1077 5353 1113 5405 et
1127 5342 1338 5425 professoris
1348 5343 1560 5425 theologiae.
1579 5344 1638 5406 Ab
1653 5363 1746 5405 anno

919 5470 993 5528 1851
1014 5476 1068 5528 ter
1083 5465 1151 5528 fuit
1167 5466 1294 5528 missus
1316 5487 1460 5529 munere
1485 5467 1580 5530 miss
1602 5477 1747 5547 aposto-
