4088 6270
944 497 987 507 -
1031 459 1218 523 LXXXII
1262 496 1305 506 —

384 686 457 751 Sed
481 687 583 770 vigor
607 697 642 749 et
665 686 833 749 alacritas
856 688 999 751 saeculo
1024 687 1210 749 undecimo
1234 685 1499 749 reviviscebant
1521 686 1740 751 inflammata
1763 687 1994 750 contentione

254 827 345 889 inter
368 826 557 889 ecclesiam
581 836 617 888 et
640 825 832 889 civitatem.
864 825 955 887 Nam
979 845 1048 889 non
1073 825 1186 888 solum
1210 827 1335 907 regula
1357 846 1379 888 a
1402 825 1608 889 clarissimis
1628 825 1855 889 monasteriis
1871 826 1994 888 Hirsa·

253 965 368 1029 viensi
392 975 429 1028 et
450 966 497 1026 ad
520 984 546 1026 s.
568 963 744 1044 Blasium,
778 965 843 1026 sed
874 964 981 1026 etiam
1012 964 1167 1026 studium
1197 964 1393 1026 litterarum
1424 965 1636 1027 translatum
1667 972 1723 1027 est
1753 964 1789 1026 in
1821 965 1994 1027 coenobia

255 1103 526 1166 Austriacarum
550 1101 822 1183 provinciarum,
847 1121 938 1183 quae
962 1110 1044 1164 sunt
1068 1102 1113 1163 ad
1130 1101 1244 1184 Alpes
1267 1103 1369 1183 sitae,
1393 1122 1547 1184 moxque
1563 1103 1731 1185 pulchros
1747 1101 1887 1165 fructus
1903 1102 1992 1164 tulit.

255 1241 446 1307 Constituti
470 1249 551 1303 sunt
575 1240 726 1304 enimin
750 1240 912 1303 omnibus
936 1239 1170 1321 monasteriis,
1194 1241 1254 1322 qui
1277 1240 1386 1304 libros
1410 1243 1529 1304 adres
1545 1261 1666 1304 sacras
1682 1239 1750 1304 rite
1766 1242 1992 1324 peragendas

254 1380 475 1445 necessarios
499 1390 535 1442 et
558 1380 699 1443 codices
723 1380 933 1460 scriberent,
965 1398 1114 1460 quorum
1142 1388 1180 1441 ut
1208 1389 1285 1442 erat
1307 1380 1413 1442 lectio
1437 1380 1670 1462 praescripta,
1699 1381 1749 1445 ita
1774 1379 1992 1463 comparatio

255 1529 402 1602 propter
424 1538 573 1600 magnos
598 1528 760 1599 sumptus
784 1516 999 1581 difficillima.
1036 1517 1142 1598 Loca,
1165 1518 1201 1580 in
1224 1518 1353 1599 quibus
1376 1518 1456 1581 libri
1481 1518 1768 1601 conficiebantur,
1793 1528 1898 1582 erant
1921 1517 1992 1598 qui-

255 1661 335 1722 dem
359 1658 451 1720 intra
474 1657 636 1720 coenobii
660 1676 794 1738 muros,
826 1657 890 1719 sed
919 1656 1007 1719 satis
1036 1667 1188 1739 remota,
1221 1667 1270 1737 ut,
1294 1658 1354 1738 qui
1378 1657 1589 1735 scriberent,
1618 1677 1639 1719 a
1666 1656 1838 1719 fratribus
1867 1657 1991 1719 tumul·

255 1808 360 1860 tuosa
394 1797 538 1878 negotia
572 1797 779 1878 gerentibus
814 1816 884 1859 non
919 1798 1155 1860 turbarentur.
1202 1796 1313 1859 Adire
1344 1797 1475 1859 nemini
1509 1797 1641 1860 licebat
1671 1805 1817 1878 praeter
1848 1795 1992 1878 opifices

257 1955 449 2017 eorumque
466 1935 679 2016 praefectos,
704 1937 871 1997 abbatem
896 1944 932 1998 et
952 1935 1150 2017 armarium,
1174 1936 1235 2017 qui
1259 1944 1295 1998 et
1318 1936 1480 2018 proxime
1503 1934 1555 1998 rei
1577 1946 1744 2017 praeerat
1768 1945 1813 2016 et,
1839 1955 1932 2016 quae
1949 1935 1992 1996 ad

256 2084 368 2137 artem
384 2075 562 2137 scribendi
579 2073 823 2158 pingendique
840 2082 941 2136 erant
957 2075 1169 2155 necessaria,
1194 2077 1425 2156 comparabat
1442 2083 1487 2154 et,
1504 2084 1543 2137 ut
1559 2083 1655 2137 recte
1671 2072 1797 2137 fierent
1814 2074 1991 2154 exempla,

257 2216 413 2276 curabat.
459 2211 705 2275 Describenda
739 2215 852 2275 abbas
888 2214 1101 2276 destinabat.
1148 2211 1327 2277 Scribenti
1360 2214 1419 2277 vel
1459 2214 1733 2296 chirographum
1771 2213 1991 2296 propositum

256 2361 333 2414 erat
356 2352 413 2414 vel
436 2351 595 2413 dictabat
618 2351 800 2414 armarius.
843 2350 981 2432 Quibus
1012 2352 1047 2413 in
1077 2351 1207 2413 scholis
1231 2351 1298 2413 arti
1322 2352 1548 2414 describendi
1571 2353 1753 2415 instructis
1779 2352 1861 2414 libri
1892 2352 1992 2414 etiam

256 2491 349 2554 notis
378 2489 572 2552 initialibus
597 2499 632 2551 et
655 2490 796 2551 tabellis
825 2490 1019 2552 minoribus
1043 2493 1309 2553 exornabantur
1332 2500 1369 2554 et
1391 2492 1722 2575 compingebantur.
1768 2491 1929 2553 Maxima
1952 2510 1996 2552 ex

257 2639 359 2713 parte
380 2629 522 2711 quidem
538 2629 799 2711 Evangeliaria,
820 2629 1116 2711 Evangelistaria,
1133 2629 1359 2711 Epistolaria,
1378 2630 1599 2712 Apostolica,
1620 2630 1855 2711 Lectionaria,
1877 2630 2007 2692 Homi-

257 2769 367 2848 liaria,
389 2768 559 2848 Missalia,
576 2767 752 2847 Plenaria,
772 2767 1045 2848 Antiphonaria,
1066 2767 1298 2849 Pontificalia,
1319 2767 1541 2850 Calendaria,
1565 2769 1799 2847 Passionalia,
1822 2768 1883 2830 alii
1906 2768 2009 2847 libri,

258 2907 318 2989 qui
345 2909 391 2969 ad
419 2908 549 2969 cultum
579 2907 735 2968 divinum
763 2907 1007 2988 peragendum
1036 2907 1094 2969 vel
1121 2907 1335 2970 breviarium
1359 2908 1579 2970 recitandum
1603 2906 1793 2988 pertinent,
1817 2906 2011 2969 describe-

258 3047 399 3117 bantur,
423 3064 546 3108 verum
570 3045 676 3107 etiam
701 3065 792 3126 quae
816 3045 1034 3125 scripserunt
1057 3066 1084 3109 s.
1108 3046 1245 3127 Patres,
1269 3047 1462 3127 praecipue
1487 3067 1513 3109 s.
1535 3045 1760 3128 Augustinus
1792 3057 1828 3108 et
1857 3065 1885 3110 s.
1912 3043 2012 3108 Gre-

258 3185 396 3267 gorius,
436 3193 517 3245 acta
550 3192 761 3266 martyrum,
796 3185 891 3247 vitae
926 3194 1138 3250 sanctorum.
1190 3184 1334 3267 Scripta
1372 3187 1545 3249 clarorum
1583 3186 1850 3268 theologorum,
1889 3203 2014 3266 opera

258 3345 286 3388 s.
302 3323 466 3407 Hugonis
489 3325 534 3386 de
551 3343 577 3387 s.
594 3322 749 3405 Victore,
773 3323 967 3406 praecipue
983 3324 1133 3388 Honorii
1149 3324 1487 3407 Augustodunensis
1503 3325 1537 3406 ¹),
1561 3333 1788 3387 monumenta
1804 3323 2010 3406 insignium

259 3462 343 3525 iuris
367 3462 561 3543 peritorum
584 3461 717 3542 pariter
740 3464 1033 3543 proponebantur
1056 3483 1121 3525 nec
1146 3482 1214 3525 non
1239 3462 1376 3545 antiqui
1399 3463 1561 3545 magistri
1585 3472 1622 3526 et
1638 3460 1769 3525 Graeci
1785 3470 1821 3524 et
1838 3459 2012 3525 Romani

261 3621 370 3682 saepe
395 3601 699 3664 describebantur.
732 3598 945 3662 Godhardus
969 3599 1060 3663 enirn
1084 3602 1197 3662 abbas
1214 3599 1490 3663 Cremifanensis
1516 3602 1561 3663 ad
1577 3601 1782 3683 Tegernsee
1807 3600 2017 3683 epistolam

261 3743 338 3804 dat:
366 3739 517 3821 ,Mittite
542 3739 644 3801 nobis
667 3739 794 3801 librum
818 3739 957 3802 Horatii
982 3747 1017 3801 et
1041 3740 1212 3820 epistolas
1229 3739 1340 3802 Tulii“
1358 3738 1384 3823 ²)
1409 3748 1445 3802 et
1461 3737 1689 3802 Godofredus
1706 3741 1820 3801 abbas
1837 3739 2022 3802 Admon-

260 3876 370 3941 tensis
394 3879 440 3938 ab
464 3879 589 3939 eodem
604 3878 818 3941 monasterio
835 3878 994 3958 postulat
1011 3877 1200 3959 losephum
1217 3877 1378 3940 Flavium
1394 3877 1554 3959 aliosque
1578 3877 1688 3939 libros
1701 3880 1736 3955 ³).
1769 3875 1839 3956 Qui
1863 3875 2023 3940 descri-

261 4015 368 4077 bendi
392 4024 493 4077 erant
515 4015 612 4091 libri,
641 4016 752 4078 mutui
775 4017 1007 4077 sumebantur
1030 4017 1075 4077 ab
1099 4015 1178 4077 aliis
1202 4016 1384 4078 coenobiis
1412 4015 1567 4078 amicitia
1596 4014 1811 4096 coniunctis,
1842 4015 2027 4078 maxime

261 4174 283 4217 a
298 4155 512 4236 Tegernsee,
535 4154 757 4216 monasteriis
774 4154 969 4235 Bavaricis,
993 4155 1165 4217 coenobio
1189 4157 1235 4217 ad
1258 4175 1284 4216 s.
1302 4154 1457 4216 Petrum.
1490 4155 1611 4236 Atque
1634 4153 1736 4235 ipsae
1758 4152 2040 4217 bibliothecae

262 4293 399 4355 urbium
435 4292 690 4374 episcopalium
725 4293 858 4356 ordinis
892 4293 1074 4356 sodalibus
1109 4296 1299 4376 patebant,
1334 4314 1404 4375 qua
1440 4293 1475 4355 in
1510 4313 1548 4357 re
1585 4293 1796 4375 praesertim
1827 4288 2042 4356 Passavi

262 4431 457 4494 officiosam
481 4452 519 4494 se
543 4434 750 4513 praebebat.
781 4432 872 4495 Nam
887 4434 1077 4496 memoriae
1098 4433 1266 4496 traditum
1283 4441 1338 4494 est
1355 4433 1525 4513 episcopo
1542 4431 1674 4495 Ottone
1699 4451 1719 4493 e
1743 4451 1877 4514 genere
1901 4423 2031 4495 nob'

261 4570 346 4632 lium
374 4573 419 4633 de
442 4570 619 4632 Loosdorf
641 4582 814 4653 regnante
844 4574 1083 4653 (1254-1265)
1108 4572 1230 4635 abbati
1255 4570 1442 4635 Garstensi
1470 4572 1654 4653 „pustillos
1678 4571 1811 4634 domini
1835 4571 2017 4654 Hugon

263 4728 370 4790 super
392 4709 630 4790 psalterium“,
654 4709 762 4791 priori
786 4710 1020 4773 Lambacensi
1043 4709 1171 4773 librum
1197 4709 1407 4793 „Sermones
1431 4709 1592 4791 magistri
1616 4709 1778 4771 Danielis
1806 4710 1852 4772 de
1876 4709 1968 4771 ordi

264 4847 568 4926 praedicatorum“
597 4868 616 4910 e
644 4848 859 4912 bibliotheca
887 4849 1082 4930 episcopali
1115 4868 1193 4910 esse
1226 4850 1487 4911 commodatum
1502 4850 1537 4928 4).
1581 4847 1681 4929 Quae
1718 4867 1776 4910 ars
1810 4849 1976 4911 scribam
2016 4862 2044 4890 ¹
