4088 6270
746 541 1027 608 -449-

144 727 245 790 fratri
263 727 462 789 Adalberto
479 725 659 806 pollicitus
677 734 742 803 est,
766 742 843 785 suc·
881 721 886 816 Ι
924 722 1087 783 versibus
1101 719 1284 801 impariter
1297 719 1434 800 iunctis,
1446 720 1638 801 sollemnia,
1652 740 1757 783 casus

159 848 323 912 Gunther
349 857 527 910 annuente
556 846 728 926 episcopo
755 846 844 906 Bru-

139 970 346 1052 adimplevit
376 980 412 1032 et
437 969 673 1030 Adalbertum
697 966 844 1048 praevio

139 1114 175 1155 re
198 1094 234 1154 in
257 1091 420 1153 omnibus
441 1090 552 1153 sacris
569 1089 765 1169 disciplinis
782 1107 844 1168 op-

139 1224 293 1277 ersatum
305 1211 566 1291 testificantem,
582 1212 627 1273 ad
641 1211 732 1272 sacri
746 1229 843 1291 pres-

140 1345 199 1398 tus
222 1336 381 1397 ordinem
401 1342 600 1415 promotum
621 1331 663 1393 iri
687 1331 843 1412 benigne

139 1466 166 1539 .t,
192 1457 287 1537 quod
302 1454 494 1537 Raigradii
518 1475 566 1515 22.
584 1453 657 1515 lan.
680 1456 761 1515 1860
784 1455 843 1514 do·

148 1579 256 1640 tertia
265 1575 591 1659 postEpiphaniam
600 1575 759 1656 contigit.
773 1574 845 1636 Pri-

141 1700 177 1762 in
198 1710 319 1762 nostra
342 1698 494 1760 ecclesia
515 1697 704 1759 celebratis
725 1705 844 1757 aetate

139 1823 227 1884 rbilis
250 1831 353 1903 pater
369 1820 558 1881 Adalberti
579 1838 751 1899 praesens
768 1817 844 1898 fuit,

139 1965 165 2005 ·e
183 1943 359 2005 canticum
377 1942 582 2004 Zachariae:
601 1960 712 2021 „nunc
730 1939 845 2001 dimit-

139 2085 237 2127 rvum
272 2064 391 2125 tuum“
428 2064 665 2125 laetabundus
701 2061 844 2141 incepit,

139 2186 249 2248 filium
266 2186 299 2247 in
313 2194 456 2266 postum
472 2184 612 2246 felicem
630 2184 689 2245 diu
707 2183 844 2244 deside-

149 2318 356 2390 pervectum
374 2307 561 2388 aspiceret.
589 2305 845 2368 Iurisdictionis

139 2435 212 2493 r25.
230 2429 308 2493 Oct.
332 2430 490 2491 eiusdem
515 2427 597 2489 anni
622 2427 782 2508 acceptis
808 2435 846 2489 ut

139 2573 153 2614 s
172 2551 458 2614 commorationis
475 2551 528 2612 sui
545 2550 580 2611 in
595 2550 746 2611 ecclesia
758 2549 846 2611 Rai-

139 2670 198 2736 nsi
212 2694 330 2736 curam
344 2673 538 2734 animarum
552 2672 764 2733 subsidiario
774 2691 847 2733 mo-

139 2805 259 2876 rrceat,
285 2805 496 2875 cooperator
520 2793 716 2855 instituitur
741 2795 846 2855 etad

139 2918 274 2979 lendam
299 2914 487 2977 ecclesiam
508 2913 651 2975 filialem
675 2913 847 2995 Opatovi-

139 3058 159 3098 n
176 3039 372 3117 delegatur.
397 3036 442 3096 Et
455 3045 644 3115 postquam
659 3054 750 3096 anno
768 3039 845 3113 1872

139 3178 226 3220 rsum
265 3176 330 3238 pro
366 3156 606 3218 ambientibus
642 3155 848 3237 parochiam

139 3278 274 3360 :riptum
302 3278 469 3358 absolvit,
502 3298 595 3338 anno
627 3281 707 3355 1878
738 3277 772 3338 in
800 3277 849 3338 lo-

139 3399 271 3462 efuncti
285 3399 430 3481 parochi
445 3398 753 3462 Ostrovacicensis
767 3400 848 3460 sub·

139 3542 164 3584 rs
174 3533 238 3603 est,
249 3521 309 3583 ubi
319 3523 499 3601 hucusque
509 3523 621 3582 verbo
635 3531 671 3583 et
684 3520 848 3600 exemplo

139 3665 163 3705 n
187 3643 343 3705 fidelium
369 3643 495 3723 pascit.
526 3643 704 3704 Fervente
728 3661 847 3703 amore

139 3786 218 3847 ique
246 3765 390 3846 ingenio
419 3764 603 3845 praeditus
627 3773 722 3825 artes
749 3763 848 3844 inge-

139 3888 346 3970 praesertim
367 3888 502 3968 poesin,
527 3887 696 3948 musicam
718 3895 754 3947 et
775 3885 848 3965 pic-

139 4029 320 4073 ,exercere
333 4019 482 4072 conatus
496 4009 715 4070 Adalbertus
728 4017 849 4070 noster

139 4132 322 4194 >lescentia
344 4151 407 4192 sua
431 4150 570 4192 omnem
595 4131 741 4197 navavit
765 4149 848 4209 ope-

140 4263 155 4317 t
171 4254 265 4316 vires
282 4253 400 4332 animi,
418 4274 506 4334 quas
519 4262 645 4314 natura
664 4252 732 4333 ipsi
746 4271 849 4332 prae-

139 4386 268 4440 avente
284 4376 426 4439 fortuna
447 4376 658 4456 explanaret
682 4383 717 4435 et
744 4392 849 4434 exco-

158 4499 297 4561 Musica
333 4518 412 4560 eum
449 4505 662 4578 occupatum
692 4496 848 4575 tenebat,

139 4621 187 4683 liu
197 4621 478 4702 ludimagisterio
488 4620 718 4701 fungebatur;
733 4637 849 4698 quarn-

139 4745 206 4805 hac
223 4743 302 4804 vice
318 4743 414 4804 nulla
430 4744 649 4823 produxerat
673 4758 783 4821 opera
798 4739 849 4799 in-

139 4885 176 4946 ra,
190 4875 308 4927 tamen
319 4865 444 4927 diurno
457 4865 579 4926 labore
593 4883 635 4924 eo
647 4872 848 4943 pervectus,

139 4988 186 5049 ria
199 4987 431 5049 instrumenta
440 4987 575 5048 musica
588 4987 759 5067 legesque
771 4985 850 5045 har-

139 5130 158 5171 e
183 5109 401 5191 intelligeret
425 5118 461 5170 et
485 5108 607 5170 critica
630 5107 763 5168 ratione
783 5108 849 5167 hac

139 5231 282 5294 udicare
299 5241 334 5293 et
347 5240 500 5293 tractare
515 5241 647 5311 posset.
669 5226 745 5291 Sub
758 5228 850 5289 idem

142 5375 176 5435 s,
211 5373 290 5416 cum
320 5352 460 5415 occasio
494 5355 742 5432 praeberetur,
777 5370 851 5411 car-

139 5476 230 5538 haud
256 5475 369 5537 invita
392 5474 554 5535 Minerva
578 5473 734 5554 dicebat,
760 5492 851 5553 quae

925 846 1097 908 adversos
1122 851 1189 905 etc.
1217 843 1396 904 hominum
1419 843 1609 906 memoriae
1636 846 1753 906 trade-

925 975 1021 1040 rent;
1049 974 1151 1027 veste
1175 985 1259 1026 vero
1287 964 1456 1045 religiosa
1484 964 1644 1047 indutus,
1674 967 1756 1030 stilo

924 1088 1066 1170 poetica
1075 1086 1254 1148 abstinere
1263 1086 1493 1167 videtur,una
1502 1087 1581 1149 vice
1593 1099 1756 1170 excepta,

925 1231 1031 1292 quum
1055 1210 1239 1291 impletum
1260 1218 1355 1271 esset
1374 1209 1659 1272 ardentissimum
1680 1230 1756 1271 cor-

925 1333 979 1394 dis
996 1331 1210 1393 desiderium
1228 1341 1264 1393 et
1280 1331 1357 1412 ipse
1370 1332 1560 1412 presbyter
1573 1331 1756 1393 ordinatus

925 1464 1031 1516 esset.
1056 1453 1214 1515 Assiduo
1230 1465 1349 1516 autem
1370 1454 1491 1516 labore
1517 1454 1658 1516 deditus
1685 1474 1757 1516 ma-

924 1578 1032 1637 nebat
1048 1576 1116 1637 arti
1133 1575 1310 1656 picturae;
1335 1576 1459 1638 summi
1482 1577 1585 1638 huius
1602 1577 1688 1638 artis
1705 1577 1756 1638 iu·

925 1698 1022 1759 dices
1031 1716 1101 1759 uno
1113 1716 1172 1759 ore
1182 1698 1328 1759 laudant
1337 1698 1540 1778 graphides,
1550 1718 1638 1778 quas
1646 1698 1757 1760 Adal-

924 1822 1048 1882 bertus
1064 1830 1184 1881 noster
1204 1839 1323 1900 penna
1347 1820 1492 1881 corvina
1516 1820 1700 1901 eleganter
1721 1832 1757 1885 et

926 1942 1125 2024 diligenter,
1150 1951 1315 2003 accurate
1337 1951 1372 2003 et
1393 1942 1513 2022 polite,
1536 1944 1756 2018 delineabat;

924 2065 990 2126 has
1012 2065 1105 2127 inter
1125 2064 1276 2145 primum
1299 2065 1414 2125 locum
1439 2065 1576 2127 obtinet
1600 2066 1756 2147 diploma

926 2207 946 2247 a
977 2195 1098 2248 nostro
1129 2186 1343 2248 monasterio
1375 2186 1545 2249 cardinali
1572 2188 1601 2248 F
1604 2189 1755 2251 alcinelli

925 2308 1104 2388 traditum,
1122 2327 1200 2369 cum
1219 2307 1252 2369 in
1272 2306 1601 2371 confoederatorum
1620 2321 1756 2372 nostro-

926 2450 1002 2491 rum
1018 2448 1200 2490 numerum
1217 2439 1445 2508 cooptaretur
1464 2449 1529 2491 nec
1546 2450 1615 2492 non
1633 2432 1754 2513 cyclus

926 2550 1120 2632 imaginum
1141 2551 1187 2611 ad
1206 2551 1317 2612 vitam
1338 2571 1364 2613 s,
1384 2552 1570 2614 Benedicti
1591 2562 1755 2633 spectan-

927 2673 1012 2734 tium
1022 2692 1139 2753 penna
1148 2673 1269 2735 subtili
1279 2681 1314 2735 et
1324 2674 1480 2755 eleganti
1490 2674 1755 2758 delineatamm,

927 2814 1018 2875 quae
1039 2794 1162 2856 nuntio
1185 2794 1383 2875 apostolico
1407 2797 1576 2857 moderno
1597 2797 1756 2859 Iacobini
1813 2851 1817 2857 .

928 2918 1020 2977 dono
1037 2918 1179 2978 oblatae
1195 2915 1305 2979 fuere.
1331 2914 1431 2996 Quae
1447 2917 1487 2979 Ρ.
1504 2914 1618 2979 Slouk
1633 2919 1756 2981 colori-

927 3038 994 3098 bus
1008 3037 1133 3118 pinxit,
1144 3036 1363 3117 exemplaria
1375 3046 1512 3099 tantum
1525 3049 1607 3101 sunt
1620 3060 1665 3102 ex
1678 3041 1756 3102 aliis

927 3158 1141 3239 imaginibus
1154 3158 1345 3239 exscripta,
1358 3178 1482 3221 verum
1495 3170 1614 3223 tamen
1627 3163 1690 3224 tali
1706 3163 1757 3225 ni-

927 3291 1004 3343 tore
1021 3282 1189 3364 insigneS,
1203 3292 1241 3343 ut
1255 3281 1442 3364 originalia
1458 3302 1684 3364 nonunquam
1701 3305 1757 3347 su·

927 3414 1071 3483 perent,
1100 3423 1155 3465 ex.
1184 3424 1235 3485 gr.
1265 3404 1384 3485 imago
1412 3405 1562 3485 praelati
1591 3405 1756 3487 Victoris,

929 3545 1033 3605 quam
1054 3525 1169 3605 pictor
1190 3525 1373 3607 originalis
1397 3528 1488 3589 dom.
1506 3526 1637 3606 Zeleny
1656 3546 1757 3588 suurn

929 3666 1008 3708 esse
1033 3665 1122 3726 opus
1149 3649 1253 3729 lapsu
1279 3647 1481 3710 delectabili
1505 3646 1754 3710 arbitrabatur.

928 3767 1102 3848 Depinxit
1119 3778 1155 3830 et
1171 3769 1239 3830 alia
1257 3768 1485 3849 exemplaria,
1503 3789 1594 3849 quae
1611 3768 1645 3830 in
1662 3768 1755 3831 festo

929 3889 1094 3971 Corporis
1104 3889 1233 3952 Christi
1243 3890 1414 3952 altaribus
1424 3890 1659 3971 imponuntur,
1671 3889 1756 3951 ima-

928 4010 1046 4091 ginem
1074 4033 1100 4075 s.
1129 4012 1310 4074 Barbarae
1338 4022 1516 4074 servatam
1543 4012 1578 4073 in
1606 4011 1757 4072 ecclesia

929 4131 1185 4213 Opatovicensi
1198 4153 1244 4194 ex
1257 4134 1419 4215 originali
1428 4133 1569 4195 vicinae
1582 4131 1756 4194 ecclesiae

929 4253 1164 4325 Blucicensis;
1181 4254 1382 4336 imaginem,
1400 4275 1470 4335 qua
1486 4274 1542 4315 res
1558 4273 1577 4314 e
1595 4253 1669 4314 vita
1682 4271 1756 4314 ere-

928 4374 1035 4437 mitae
1050 4373 1223 4436 Guntheri
1236 4376 1491 4437 adumbrantur
1508 4383 1574 4436 etc.
1598 4373 1755 4436 Maxime

929 4506 1047 4557 autem
1068 4495 1118 4557 illi
1139 4495 1173 4557 in
1189 4496 1283 4557 votis
1308 4505 1384 4557 erat
1406 4496 1592 4558 ecclesiam
1615 4493 1757 4556 filialem

931 4617 1756 4698 Opatovicensemrestaurandorenovandoque

930 4738 979 4800 ita
995 4747 1179 4801 exstruere
1196 4750 1231 4801 et
1248 4738 1441 4821 instituere,
1459 4749 1498 4801 ut
1516 4739 1678 4800 omnibus
1695 4742 1756 4798 iiu-

929 4860 1035 4923 meris
1044 4861 1302 4923 architecturae
1312 4857 1757 4942 perficeretur;adquisivit

930 4982 1178 5044 benefactores
1200 4991 1236 5044 et
1256 4981 1415 5043 ultimum
1440 5001 1486 5043 ex
1509 4979 1653 5061 proprio
1675 4997 1756 5041 aere

931 5106 1072 5167 obolum
1090 5105 1197 5185 dedit,
1215 5115 1254 5167 ut
1270 5124 1359 5186 opus
1376 5103 1479 5166 citius
1495 5103 1541 5164 ad
1557 5099 1661 5163 finem
1677 5118 1757 5180 per·

931 5227 1132 5308 duceretur,
1161 5227 1215 5289 cui
1240 5246 1359 5288 curam
1386 5235 1422 5286 et
1449 5223 1646 5286 custodiam
1670 5220 1757 5282 assi·

931 5350 1036 5409 duam
1067 5349 1238 5413 adhibuit.
1278 5348 1458 5411 Gloriatur
1487 5348 1608 5428 itaque
1639 5363 1756 5426 pagus

932 5469 1207 5550 Opatovicensis
1228 5472 1378 5534 ecclesia
1398 5481 1470 5533 tarn
1487 5467 1647 5550 perfecta
1662 5463 1757 5528 omni

1500 5585 1531 5637 57
