4034 6262
820 514 864 522 -
908 477 1062 539 XXXV
1107 516 1150 524 —

58 693 278 795 zachari&
315 700 454 762 abbas
485 719 627 763 munere
657 719 696 762 se
728 699 921 764 abdicaret.
967 702 1100 764 Verum
1131 706 1175 766 de
1204 704 1271 766 hoc
1303 724 1447 766 numero
1481 705 1600 786 excipi
1629 716 1779 786 possunt
1808 707 1855 767 ad

65 890 84 929 S·
110 834 404 919 Lambertum,
432 835 645 920 Goessense,
670 839 961 922 Nonnbergense,
985 862 1013 905 s,
1030 840 1176 924 Georgii
1200 845 1245 904 ad
1269 842 1443 925 Langsee,
1467 846 1512 905 ad
1537 863 1563 905 s.
1580 844 1725 906 Petrum
1743 843 1853 906 Salis-

70 977 210 1070 busgi,
226 993 465 1055 quamquam
482 976 537 1038 hic
552 976 703 1038 Ioannes
721 979 765 1039 de
782 975 956 1059 Staupitz,
972 977 1090 1041 fautor
1106 991 1142 1042 et
1158 980 1292 1043 amicus
1308 981 1463 1062 Lutheri,
1481 984 1553 1062 (152
1564 983 1718 1062 1-1522)
1737 982 1854 1064 digni-

78 1135 213 1199 tatem
235 1114 470 1177 abbatialem
498 1116 699 1178 obtinuerat
715 1118 747 1197 ¹),
780 1116 1109 1200 Arnoldsteinense,
1142 1119 1202 1181 ubi
1235 1120 1356 1182 rustici
1387 1120 1585 1201 evangelici
1617 1122 1785 1182 abbatem
1818 1131 1854 1182 et

86 1255 299 1336 monachos
324 1255 452 1317 studio
476 1255 658 1336 religionis
682 1255 878 1318 catholicae
907 1256 1071 1319 incensos
1095 1259 1324 1319 vehementer
1346 1259 1539 1320 vexabant.
1586 1257 1682 1320 Scoti
1712 1278 1854 1340 quoque

92 1394 415 1467 vindobonenses
438 1391 522 1455 fidei
544 1412 651 1455 verae
676 1393 800 1474 paucis
825 1394 987 1474 exceptis
1011 1394 1264 1458 adhaerebant.
1311 1394 1609 1476 Cremifanenses,
1634 1396 1762 1476 quibus
1786 1398 1854 1457 sub

99 1542 237 1604 llarco
250 1531 425 1594 Weinero
449 1533 581 1594 abbate
605 1531 730 1614 religio
755 1551 847 1593 nova
868 1533 1020 1612 probata
1044 1542 1130 1613 erat,
1154 1553 1238 1594 mox
1263 1534 1308 1595 ad
1325 1553 1445 1595 veram
1465 1532 1571 1594 fidem
1588 1542 1809 1596 reverterunt
1819 1535 1853 1615 ²).

246 1669 380 1731 Tamen
397 1670 623 1751 providentia
647 1669 767 1732 divina
791 1680 933 1732 cautum
958 1679 1044 1752 erat,
1069 1690 1113 1732 ne
1137 1673 1243 1733 arbor
1266 1673 1443 1753 quondam
1466 1671 1648 1734 fructuosa
1671 1680 1725 1733 tot
1748 1672 1855 1733 ramis

111 1811 323 1892 privaretur.
355 1807 480 1888 Atque
505 1826 582 1869 eam
606 1809 651 1868 ad
668 1826 780 1868 novos
795 1805 933 1868 fructus
951 1816 986 1869 et
1003 1808 1235 1870 ecclesiastici
1253 1818 1289 1869 et
1306 1808 1429 1871 civiles
1445 1809 1625 1890 principes
1642 1809 1853 1890 excitarunt,

116 1944 276 2024 inprimis
302 1945 464 2026 episcopi
495 1945 662 2007 Urbanus
695 1945 921 2007 Pataviensis
955 1955 991 2008 et
1021 1946 1196 2008 Martinus
1225 1945 1473 2009 Seccoviensis
1505 1958 1541 2010 et
1568 1948 1785 2029 Rudolphus
1808 1948 1852 2011 II.

120 2082 357 2145 Romanorum
380 2082 575 2164 imperator
598 2092 705 2164 atque
721 2082 968 2145 Ferdinandus
992 2083 1166 2145 archidux
1182 2083 1362 2166 Austriae,
1387 2085 1446 2166 qui
1468 2095 1594 2166 postea
1610 2085 1853 2148 Romanorum

124 2217 308 2298 imperator
330 2231 473 2285 creatus
497 2230 561 2285 est.
593 2221 737 2301 Optime
760 2241 846 2284 vero
866 2223 1039 2284 Melchior
1055 2223 1184 2284 Khlesl
1208 2223 1396 2284 cardinalis
1425 2234 1460 2285 et
1484 2223 1674 2305 episcopus
1691 2224 1853 2287 Wiener-

126 2361 380 2422 neustadtensis
404 2371 532 2441 postea
547 2360 836 2422 Vindobonensis
861 2362 905 2422 de
929 2361 1052 2423 ordine
1076 2361 1201 2423 meruit
1215 2363 1249 2442 ³).

251 2498 281 2559 Is
311 2498 405 2560 enim
436 2498 578 2561 adiutus
605 2507 785 2579 potestate
813 2498 907 2560 civili
935 2500 1143 2582 religionem
1176 2500 1386 2562 catholicam
1416 2502 1586 2562 reducere
1616 2511 1763 2563 conatus
1787 2521 1853 2581 per

129 2628 269 2697 abbates
290 2636 409 2698 studio
432 2635 516 2699 fidei
539 2637 698 2718 insignes
726 2657 855 2700 nervos
884 2638 996 2700 ordini
1029 2639 1177 2701 addidit.
1224 2638 1348 2720 Neque
1376 2639 1490 2701 minus
1520 2640 1625 2701 sedes
1654 2640 1851 2719 apostolica
1900 2721 1901 2724 Ἴ

128 2768 239 2833 ordini
256 2775 474 2838 restituendo
503 2796 647 2858 operam
672 2777 781 2839 dedit.
820 2775 967 2840 Carolus
991 2775 1140 2859 Camila,
1165 2778 1308 2839 nuntius
1324 2777 1621 2858 Vindobonensis,
1644 2777 1850 2859 Caspasum,

128 2901 285 2973 abbatem
299 2912 552 2994 Mellicensem,
574 2933 616 2975 eo
632 2915 791 2995 adduxit,
817 2925 855 2976 ut
872 2917 1022 2978 abbates
1039 2914 1288 2978 archiducatus
1305 2915 1486 2977 Austriaci
1508 2920 1586 2977 1618
1611 2916 1647 2977 in
1663 2915 1848 2978 consilium

127 3055 344 3133 convocaret,
367 3052 403 3115 in
428 3072 497 3133 quo
523 3053 815 3133 „constitutiones
841 3053 1074 3116 Austriacae“
1099 3056 1146 3116 ab
1170 3054 1338 3134 Achazio,
1361 3054 1479 3134 priore
1504 3052 1700 3135 Garstensi,
1730 3056 1852 3115 adum-

126 3172 245 3250 bratae
259 3190 291 3251 in
308 3191 601 3253 consultationem
614 3191 817 3254 veniebant.
842 3193 921 3255 Hae
935 3212 1019 3254 vero
1037 3184 1307 3255 constitutiones
1323 3193 1477 3255 reiectae
1494 3204 1585 3274 sunt,
1603 3215 1682 3255 cum
1699 3195 1852 3254 abbates

125 3309 340 3403 Augustinus
363 3329 569 3392 Pittrichius
594 3328 777 3393 Scotensis
811 3340 847 3392 et
875 3329 1054 3410 Casparus
1078 3331 1259 3393 Plautzius
1283 3329 1607 3412 SeitenstettensiS,
1639 3331 1790 3393 eximius
1823 3352 1851 3394 s.

123 3463 264 3535 regulae
292 3466 485 3549 interpres,
518 3467 560 3530 iis
593 3468 868 3550 refragarentur.
914 3469 1049 3531 Tamen
1082 3468 1221 3531 Caraffa
1252 3470 1395 3531 nuntius
1426 3470 1569 3551 incepto
1600 3490 1669 3531 non
1702 3470 1851 3551 destitit,

122 3586 265 3682 eiusque
287 3625 396 3688 opera
425 3611 504 3685 1624
528 3609 685 3669 secunda
710 3606 942 3689 congregatio
966 3606 1182 3669 Mellicensis
1206 3608 1386 3688 convenit,
1418 3627 1509 3688 quae
1538 3609 1745 3688 plerumque
1770 3628 1852 3669 con-

120 3740 281 3820 gregario
298 3743 490 3806 Austriaca
513 3746 724 3827 nominatur,
750 3746 784 3808 in
811 3767 881 3828 qua
904 3756 1043 3827 partem
1064 3748 1246 3809 habebant
1268 3747 1471 3828 Mellicium,
1496 3744 1740 3828 Gottwigium,
1766 3745 1854 3809 Sco-

119 3867 237 3939 tOrum
257 3880 583 3945 Vindobonensium
607 3885 872 3965 monasterium,
897 3882 1016 3947 Cellae
1040 3883 1234 3966 Marianae,
1258 3884 1531 3966 Altenburgum,
1561 3883 1851 3963 Seitenstadium,

117 3991 357 4101 Garstenium,
383 4018 611 4101 Gluniacum,
635 4020 888 4103 Cremifanum,
913 4022 1176 4101 Lambachium,
1201 4022 1432 4084 lunaelacus
1480 4021 1552 4084 Sed
1583 4023 1671 4082 haec
1702 4039 1850 4100 congre-

114 4151 224 4215 gatio
250 4159 408 4239 quamvis
442 4178 520 4220 eam
551 4160 719 4222 Urbanus
744 4160 841 4223 VIII.
889 4158 925 4223 S.
954 4161 994 4222 P.
1029 4163 1107 4221 1625
1138 4170 1251 4222 ratam
1283 4160 1432 4240 faceret,
1464 4170 1581 4222 tamen
1612 4177 1682 4218 non
1713 4164 1851 4218 tantum

112 4286 327 4360 auctoritate
352 4297 515 4378 profecit,
541 4309 710 4378 quantum
730 4298 843 4379 prima
859 4297 1087 4380 Mellicensis,
1111 4318 1226 4379 neque
1250 4318 1379 4380 magna
1403 4297 1469 4359 fuit
1492 4296 1567 4357 eius
1591 4293 1804 4355 diuturnitas
1814 4296 1850 4374 ⁴).

112 4445 426 4488 ,χ-

248 4609 267 4690 ¹)
290 4611 397 4669 Series
420 4609 561 4667 abbatum
585 4625 714 4670 monast.
730 4632 754 4669 s.
773 4612 852 4667 Petri
870 4610 1051 4685 Salisburgi.
1084 4612 1180 4680 Quam
1198 4624 1320 4666 tenaces
1336 4611 1364 4664 hi
1382 4607 1517 4663 monachi
1535 4605 1710 4680 disciplinae
1728 4604 1848 4681 fuerint,

103 4697 243 4781 adparet
264 4744 301 4782 ex
326 4744 375 4793 ec,
400 4724 481 4799 quod
505 4726 650 4780 Martinus
673 4723 769 4780 abbas
794 4724 934 4779 mandato
959 4724 1114 4779 Dietrichii
1138 4722 1250 4789 Wolfii,
1275 4724 1326 4795 qui
1354 4734 1430 4792 1593
1457 4718 1698 4793 praescripserat
1724 4716 1849 4785 „salutis

102 4816 329 4894 ¹1¹0nachorum
355 4855 446 4892 causa
470 4839 546 4893 trina
569 4838 636 4893 vice
659 4855 715 4912 per
738 4836 956 4892 hebdomadam
981 4853 1063 4891 esum
1089 4833 1251 4890 carnalium
1277 4845 1307 4887 et
1330 4830 1599 4886 deambulationem
1624 4828 1740 4882 nonnisi
1763 4828 1849 4882 minis

100 4919 237 5005 territus
259 4968 296 5005 ac
320 4946 462 5004 flentibus
477 4950 572 5005 oculis
591 4950 752 5023 acquievit,
778 4949 916 5022 huncque
934 4949 963 5002 in
980 4947 1067 5002 finem
1089 4963 1198 5000 novum
1223 4943 1414 4999 refectorium
1439 4937 1617 5004 aedificavit,
1642 4955 1678 4992 ne
1703 4955 1755 4991 esu
1779 4957 1847 4992 car·

98 5037 221 5117 nalium
244 5075 335 5118 vetus
360 5063 645 5117 contaminaretur“.

242 5173 264 5253 ²)
289 5174 448 5229 Hauswirt
469 5173 487 5228 I.
512 5190 555 5241 c.;
580 5173 746 5247 Pachmayr
769 5172 787 5228 Ι.
812 5192 838 5228 c.
1032 5239 1034 5241 ι

240 5285 263 5364 ³)
289 5285 611 5359 Hammer·PurgstalI‚
636 5285 700 5341 Das
725 5282 830 5340 Lebeu
855 5283 909 5339 des
932 5281 1089 5339 Cardinals
1113 5278 1226 5344 Khlesl‚
1251 5278 1273 5331 I.

240 5398 264 5477 ⁴)
289 5394 481 5469 Keiblinger,
504 5396 595 5464 Melk,
619 5397 642 5454 Ι.
