4088 6270
647 564 719 633 j-
779 544 849 613 119
904 565 955 573 -

139 724 285 788 ariorum
307 727 572 789 venerationem
597 727 771 790 conduce-

139 847 271 910 estatis
287 867 429 910 sensum
446 848 592 911 iuvaret.

139 969 211 1033 atio
238 971 321 1033 novi
352 971 474 1051 templi
506 973 647 1033 demum
677 988 770 1033 anno

140 1095 204 1155 .ad
215 1097 266 1155 28.
276 1090 376 1174 Sept.
394 1093 663 1156 sollemnissime
680 1094 770 1157 cele-

139 1224 297 1277 tannum
306 1216 399 1278 hunc
411 1225 533 1278 tantae
543 1216 770 1278 sollemnitati

139 1337 315 1399 eservavit
336 1339 449 1399 abbas
466 1338 652 1419 MartinuS,
674 1340 769 1418 quod

139 1457 323 1520 ¹ndationis
332 1459 499 1522 abbatiae
512 1460 558 1522 ad
571 1479 598 1522 s.
612 1460 769 1523 Blasium

147 1580 192 1644 H.
213 1580 428 1662 imperatore
452 1602 545 1644 anno
569 1587 629 1662 983
656 1584 770 1665 publi-

139 1701 199 1783 rit,
225 1700 405 1765 fundatori
431 1705 465 1766 b.
492 1704 720 1786 Reginberto
748 1727 769 1768 a

156 1823 372 1906 imperatore
397 1824 529 1890 Ottone
551 1826 577 1888 Ι.
603 1827 662 1889 diu
686 1838 769 1891 ante

139 1967 157 2028 ι,
184 1956 225 2009 ut
247 1950 339 2010 adeo
363 1969 515 2011 unacum
538 1950 620 2012 novi
646 1953 768 2033 templi

139 2087 159 2130 e
190 2069 371 2132 saeculum
403 2081 569 2134 octavum
600 2073 768 2135 abbatiae

139 2191 213 2252 mul
229 2192 477 2274 celebraretur,
500 2203 536 2256 et
556 2194 767 2275 benignissi-

139 2311 158 2374 ii
186 2331 258 2375 non
285 2315 390 2375 modo
417 2334 482 2395 pro
509 2317 767 2379 restauratione

139 2434 251 2516 :empli
274 2445 310 2497 et
329 2437 543 2518 monasterii,
565 2439 628 2500 sed
651 2448 687 2500 et
703 2459 767 2520 pro

139 2556 303 2619 abbatiae
327 2568 363 2619 et
385 2561 655 2641 congregationi
679 2559 768 2624 San-

150 2697 217 2758 per
240 2679 380 2761 integra
403 2692 484 2743 octo
506 2684 649 2745 saecula
675 2683 768 2745 datis

139 2818 197 2880 per
214 2800 375 2883 integros
388 2813 468 2865 octo
482 2804 559 2866 dies
575 2805 768 2886 gratiarum

139 2923 251 2984 ublice
269 2934 304 2985 et
320 2924 450 2987 festive
467 2928 768 3007 persolverentur3

139 3045 266 3125 luippe
294 3067 320 3107 s.
335 3047 460 3109 blasii
489 3058 565 3111 erat
589 3051 769 3112 saeculum

139 3166 264 3228 etenim
280 3170 531 3232 monasterium
548 3173 613 3233 sub
629 3172 770 3235 nomine

138 3297 247 3351 atrum
269 3292 315 3352 ad
331 3292 482 3354 Albam“
508 3293 578 3355 iam
603 3295 662 3356 diu
687 3304 770 3357 ante

139 3421 265 3473 nerat.
291 3412 370 3492 Qua
393 3415 530 3477 ratione
552 3417 769 3479 sollemnitas

139 3533 277 3596 :ationis
293 3537 415 3617 templi
434 3537 490 3598 die
509 3559 559 3599 21.
573 3537 672 3620 Sept.
690 3559 769 3620 per-

142 3675 187 3716 no
214 3655 332 3719 officio
361 3658 396 3720 in
424 3679 560 3722 summo
592 3661 695 3723 altari
723 3663 769 3722 ab

148 3777 411 3842 confoederatis
428 3784 619 3845 decantato
636 3794 671 3845 et
688 3804 769 3846 con-

139 3898 240 3961 sacris
270 3903 316 3962 ab
342 3904 542 3966 oratoribus
569 3905 769 3987 insignibus

154 4021 231 4083 dies
251 4024 433 4086 celebrata
456 4025 574 4109 fuerit,
598 4037 699 4108 patet
724 4048 768 4090 ex

139 4143 185 4223 ¹ais
215 4142 547 4210 San-Gallensibus
579 4151 675 4212 edito
703 4152 769 4212 sub

142 4264 362 4328 eierlichkeit
394 4269 457 4330 des
488 4269 523 4331 in
556 4268 591 4333 S.
625 4272 769 4333 Blasien

139 4395 196 4449 ten
224 4408 340 4450 neuen
364 4389 562 4472 Tempels“.
592 4393 651 4455 Ad
678 4414 770 4456 com-

139 4530 143 4567 ι
173 4509 341 4591 reliquias
371 4524 575 4576 sanctorum
608 4516 771 4579 incendio

139 4652 155 4712 i,
172 4632 232 4714 pio
248 4634 370 4696 labore
393 4656 434 4698 ac
458 4639 575 4700 studio
600 4640 645 4700 ad
668 4659 772 4701 sexa-

140 4754 210 4816 ltra
230 4767 431 4820 sanctorum
457 4761 606 4822 exuvias
630 4763 773 4844 collegit

139 4876 270 4952 ,rtinus;
299 4880 536 4943 nobilissimas
564 4903 609 4944 ex
637 4885 772 4947 munifi-

139 5008 255 5079 ,rustae
268 5000 404 5064 Mariae
415 5004 607 5067 Therasiae
621 5008 771 5088 accepit,

153 5120 312 5185 Pirminii
336 5143 402 5205 ep,
431 5146 457 5187 s.
483 5126 653 5190 Fridolini
679 5131 771 5211 abb,

139 5243 161 5305 li
181 5246 312 5308 march.
339 5255 375 5308 et
399 5266 427 5308 s
452 5248 572 5310 Iohan.
594 5250 772 5331 Nepomu-

139 5364 332 5428 xsamiliari
346 5368 501 5431 amicitia
515 5372 771 5454 archiepiscopi

139 5488 231 5551 ensis
253 5490 441 5553 cardinalis
462 5491 611 5575 Migazzi
635 5514 662 5556 s.
685 5493 772 5557 Ger-

810 726 814 738 '
851 726 942 789 vasii
963 736 999 790 et
1014 725 1168 788 Protasii
1189 746 1233 788 m.
1259 733 1295 788 et
1314 744 1341 787 s.
1358 725 1521 789 Morandi
1543 728 1624 791 abb.
1647 727 1682 790 in

851 849 1005 923 Alsatia;
1029 869 1051 911 a
1076 847 1288 929 quibusdam
1311 846 1524 912 Germaniae
1545 849 1682 930 episco-

850 972 916 1054 pis,
944 970 1136 1033 abbatibus
1163 956 1313 1050 aliisque
1340 971 1500 1050 patronis
1526 971 1682 1052 reliquas

850 1112 972 1156 omnes
985 1112 1064 1155 curn
1077 1092 1283 1154 authentiae
1296 1092 1506 1155 testimoniis
1519 1093 1681 1155 obtinuit.

849 1215 1039 1279 Deiectum
1056 1214 1239 1278 sacristiae
1256 1214 1364 1277 etiam
1380 1216 1572 1297 supplebat
1589 1235 1682 1278 com-

851 1338 986 1419 paratis
1013 1338 1174 1419 pluribus
1202 1337 1420 1418 paramentis
1449 1357 1492 1400 ac
1520 1337 1682 1400 vestibus

850 1459 959 1522 sacris
968 1459 1135 1541 pretiosis
1143 1479 1185 1521 ac
1194 1459 1398 1522 melioribus
1407 1480 1449 1522 ac
1462 1459 1560 1541 prius
1570 1468 1681 1541 erant,

850 1593 975 1646 ornatu
992 1582 1202 1663 praesertim
1217 1581 1400 1663 pontificio
1422 1602 1469 1644 ex
1484 1582 1682 1644 holoserico

848 1706 945 1769 rubri
969 1705 1097 1768 coloris
1119 1704 1178 1768 filo
1203 1716 1376 1788 argenteo
1399 1705 1552 1785 intext0,
1576 1723 1682 1786 quem

849 1828 1093 1908 Argentorato
1109 1827 1263 1908 repetiit,
1285 1836 1321 1889 et
1341 1826 1411 1889 alia
1427 1827 1578 1908 plurima
1593 1844 1681 1888 vasa

849 1970 950 2012 sacra
964 1948 1041 2011 fieri
1057 1948 1151 2012 fecit.

934 2072 1046 2135 Nimis
1055 2072 1201 2154 longum
1213 2081 1277 2154 est,
1287 2071 1495 2153 singillatim
1504 2089 1679 2151 enarrare,

848 2215 940 2277 quae
957 2205 992 2258 et
1009 2204 1095 2275 quot
1110 2194 1180 2256 alia
1196 2195 1311 2256 adhuc
1327 2191 1491 2255 aedificia
1506 2193 1564 2253 vel
1579 2200 1681 2254 vetu-

847 2328 940 2381 state
961 2325 1127 2397 corrupta
1151 2324 1188 2377 et
1209 2314 1331 2377 ruinae
1356 2314 1519 2395 proxima
1545 2322 1681 2375 restau-

847 2439 988 2519 raverit,
998 2438 1056 2500 vel
1068 2457 1087 2499 e
1100 2436 1340 2499 fundamentis
1353 2434 1581 2498 exstruxerit.
1598 2433 1677 2496 Non

849 2563 962 2624 solum
985 2561 1019 2623 in
1041 2560 1124 2622 divo
1145 2559 1266 2621 Blasio
1290 2568 1393 2621 extra
1416 2577 1534 2621 muros
1558 2558 1679 2638 plures

849 2682 1115 2746 aedificationes
1134 2681 1220 2745 fecit
1240 2679 1461 2743 necessarias
1482 2678 1622 2741 omnino
1644 2687 1681 2740 et

850 2807 964 2888 utiles,
985 2806 1049 2867 sed
1072 2804 1158 2867 foris
1177 2805 1213 2866 in
1238 2803 1357 2866 multis
1380 2802 1467 2865 locis
1490 2801 1622 2863 sacella
1645 2810 1681 2862 et

850 2928 1020 2991 ecclesias
1036 2928 1095 2990 vel
1110 2925 1291 3007 reparavit
1308 2924 1518 3005 ornavitque
1530 2924 1588 2986 vel
1603 2921 1681 2984 fun-

850 3052 944 3114 ditus
961 3048 1172 3130 aedificavit,
1193 3048 1279 3110 item
1301 3047 1410 3110 aedes
1425 3066 1491 3127 pro
1507 3043 1681 3126 expositis

850 3173 1028 3236 Blasianis
1050 3170 1225 3253 parochiS,
1249 3170 1376 3233 horrea
1400 3177 1436 3230 et
1461 3167 1531 3230 alia
1554 3184 1681 3247 prore

849 3297 981 3359 rustica
1001 3293 1203 3357 necessaria
1224 3302 1286 3355 aut
1305 3292 1406 3355 utilia
1426 3289 1600 3371 aedificia,
1621 3290 1682 3351 do-

849 3438 925 3482 mos
942 3437 1006 3500 pro
1022 3416 1130 3479 variis
1151 3414 1372 3496 officialibus,
1394 3414 1561 3476 silvarum
1582 3431 1682 3474 cura-

849 3541 985 3603 toribus
1006 3539 1154 3619 aliisque
1170 3536 1375 3599 muneribus
1390 3533 1582 3616 praefectis
1599 3552 1682 3594 con·

849 3662 992 3736 struxit;
1020 3661 1136 3723 erexit
1162 3659 1317 3740 hospitia
1346 3658 1616 3739 peregrinorum
1645 3664 1681 3717 et

849 3805 1060 3868 pauperum;
1083 3783 1169 3845 fecit
1192 3791 1336 3863 pontes,
1361 3779 1489 3842 stravit
1512 3777 1605 3852 vias;
1629 3776 1681 3838 in-

849 3927 957 3989 super
988 3905 1177 3987 quotannis
1205 3914 1320 3967 ratam
1348 3912 1486 3984 partem
1516 3920 1682 3982 magnam

849 4028 1009 4092 conferre
1026 4030 1183 4091 debebat
1199 4028 1234 4090 in
1251 4025 1420 4089 ecclesias
1434 4034 1470 4086 et
1484 4026 1607 4087 domos
1620 4042 1682 4103 pa-

851 4162 986 4214 storum
1010 4151 1285 4213 acatholicorum
1308 4146 1571 4210 marchionatus
1591 4146 1681 4206 Dur-

849 4275 1001 4337 lacensis
1023 4275 1068 4335 ad
1089 4273 1257 4335 maiorem
1277 4280 1470 4353 pastorum,
1492 4267 1681 4348 coniugum

852 4408 888 4460 et
908 4396 1060 4478 prolium
1075 4396 1171 4457 vitae
1192 4392 1488 4456 commoditatem.
1512 4389 1572 4451 Ad
1593 4389 1682 4450 haec

852 4519 968 4582 omnia
981 4518 1197 4599 praestanda
1209 4517 1414 4578 immensam
1428 4512 1503 4574 fere
1516 4510 1682 4592 pecunia-

852 4663 929 4706 rum
957 4660 1127 4703 summam
1156 4632 1342 4721 expendit,
1374 4638 1484 4699 multo
1515 4635 1682 4697 maiorem

852 4765 924 4826 ullo
940 4765 1071 4826 abbate
1087 4771 1324 4824 antecessore.

938 4885 1055 4948 Etiam
1081 4882 1331 4965 patrimonium
1358 4903 1384 4944 s.
1409 4878 1521 4943 Blasii
1548 4897 1682 4960 augere

852 5028 922 5071 non
939 5008 1135 5069 omittebat.
1152 5007 1194 5068 In
1206 5024 1301 5087 pago
1315 5003 1585 5067 Grafenhausen
1598 4999 1683 5062 emit

851 5130 1043 5211 hospitium
1078 5149 1156 5190 cum
1188 5128 1343 5209 praediis
1379 5135 1415 5188 et
1445 5128 1586 5188 domum
1616 5141 1682 5204 pro

852 5252 1071 5314 habitatione
1098 5251 1266 5313 silvarum
1289 5248 1476 5331 praefecti,
1505 5256 1541 5309 et
1569 5264 1682 5327 prope

853 5374 1123 5437 Grafenhausen
1139 5373 1235 5435 aliud
1251 5371 1452 5453 hospitium,
1475 5378 1514 5431 ut
1535 5367 1584 5429 ibi
1600 5366 1682 5429 vina

852 5518 878 5559 s.
892 5497 1002 5559 Blasii
1015 5497 1108 5559 iusto
1121 5495 1235 5577 pretio
1248 5494 1532 5557 divenderentur.
1550 5490 1592 5552 In
1604 5489 1682 5550 loco
