4034 6262
885 482 1166 551 -280-

81 689 89 704 ⁰
161 697 198 748 et
221 685 256 747 in
284 704 476 767 egenorum
503 684 623 767 inopia
651 682 845 748 efficaciter
873 685 989 747 suble·

160 809 277 870 vanda
293 819 329 870 et
351 806 387 869 in
406 804 621 869 infirmorum
643 826 728 869 eura
749 805 808 888 pie
831 807 989 889 gerenda

161 941 196 992 et
208 929 243 990 in
257 929 459 991 exhibenda
470 929 623 991 humane
632 927 791 1010 parvulis
805 928 987 991 charitate.

160 1052 240 1134 Qua
255 1064 403 1133 propter
418 1070 487 1114 non
505 1051 617 1114 solum
638 1049 845 1132 parochiani
866 1069 989 1113 omnes
1028 1040 1030 1157 )

160 1184 196 1236 et
219 1173 414 1236 confratres
438 1192 518 1235 eum
541 1172 592 1235 uti
612 1171 928 1255 patremdiligunt
953 1181 990 1235 et

159 1298 342 1376 honorant,
359 1296 422 1357 sed
443 1295 520 1375 ipse
539 1304 680 1377 august.
691 1294 860 1357 Austriae
880 1295 989 1376 impe-

161 1430 259 1480 rator
285 1417 314 1480 F
317 1418 496 1481 ranciscus
523 1418 696 1499 Iosephus
723 1417 910 1480 candidum
938 1417 989 1499 pii

161 1540 315 1622 pastoris
328 1537 638 1622 Camposcotensis
647 1552 774 1621 pectus
783 1540 840 1602 die
851 1561 901 1616 24.
912 1539 987 1602 Iun.

166 1665 243 1741 1867
274 1681 378 1725 eruce
410 1681 517 1724 aurea
545 1671 714 1724 coronata
741 1662 923 1725 decoravit
952 1672 988 1724 et

160 1784 304 1847 biennio
321 1794 403 1865 post
419 1785 558 1866 amplus
571 1783 805 1847 Vindobonae
822 1785 917 1847 urbis
933 1803 987 1847 se-

161 1917 265 1997 natus
282 1925 361 1969 eurn
377 1915 519 1969 moneta
536 1926 643 1969 aurea
655 1906 735 1970 mai.
749 1926 776 1969 s.
790 1904 988 1969 Salvatoris

160 2047 225 2110 pro
248 2028 381 2090 meritis
406 2029 463 2090 die
488 2033 538 2091 25.
564 2027 653 2091 Nov.
683 2033 763 2107 1869
790 2028 987 2090 honoravit.

159 2150 243 2231 Ipse
270 2149 453 2230 professus
480 2149 655 2212 iubilaeus
686 2149 768 2212 inde
799 2169 820 2211 a
852 2150 909 2212 die
937 2156 987 2213 28.

161 2271 240 2336 Oct.
257 2275 347 2352 1878,
365 2271 555 2334 consiliarii
572 2291 714 2353 quoque
730 2271 989 2353 archiepiscopi

160 2391 314 2458 Vindob.
343 2394 519 2477 dignitate
547 2394 737 2476 insignitus
767 2404 822 2457 est
852 2394 909 2457 die
938 2398 989 2457 25.

160 2515 358 2594 Dec.1871.

249 2638 362 2720 Typis
379 2638 505 2701 edidit:

248 2762 988 2838 l.PredigtbeiGelegenheitdesRestaurations·

162 2866 255 2924 lestes
286 2869 325 2923 im
351 2867 732 2943 Wiener-Burgerspitale
759 2887 794 2923 zu
823 2865 867 2923 St.
892 2868 987 2923 Marx.

161 2969 287 3049 (Concio
301 2971 521 3050 occasionalis.)
538 2973 683 3039 Viennae,
702 2971 791 3044 1842,
807 2973 887 3047 typis
898 2972 923 3027 F
925 2971 988 3028 erd.

161 3076 282 3133 Ullrich.

246 3181 284 3237 II.
301 3181 414 3237 Blatter
430 3180 484 3238 der
500 3181 670 3256 Belehrung
687 3181 745 3237 und
759 3179 926 3256 Erbauung
943 3179 990 3237 lut

161 3285 209 3341 die
222 3284 260 3341 hl.
271 3285 451 3342 Fastenzeit.
465 3282 494 3363 (i.
505 3304 532 3343 e.
542 3286 666 3343 Pietatis
676 3288 819 3343 exercitia
829 3304 885 3362 pro
897 3299 987 3361 temp.

161 3388 362 3468 Quadrages.)
383 3391 468 3447 1vol.
486 3392 629 3459 Viennae,
649 3389 739 3464 1843,
753 3405 815 3467 typ.
825 3392 861 3448 L.
871 3389 988 3448 Grund.

246 3495 298 3551 III.
316 3495 429 3551 Blatter
445 3494 498 3551 der
510 3496 679 3571 Belehrung
692 3496 751 3553 und
763 3495 929 3570 Erbauung
943 3495 989 3552 fiir

159 3598 208 3656 die
224 3599 292 3656 heil.
309 3599 576 3656 WeIhnachtszeit.
602 3596 630 3677 (i.
650 3619 676 3656 e.
698 3601 823 3657 Pietatis
845 3603 988 3657 exercitia

159 3722 216 3780 pro
241 3717 331 3781 temp.
357 3705 437 3761 circa
460 3707 551 3762 nativ.
574 3702 707 3784 Christi.)
735 3705 826 3763 1vol.
843 3706 987 3772 Viennae,

164 3806 254 3881 1843,
273 3811 353 3885 typis
370 3827 474 3883 congr.
492 3809 633 3866 Mechith.

246 3930 296 3987 IV.
315 3931 377 3987 Der
393 3931 472 3988 Herr
488 3935 531 3988 sei
548 3934 599 3988 mit
612 3929 713 3988 Euchl
731 3930 847 3989 Gebet·
859 3932 918 3988 und
932 3932 988 3988 Er·

158 4033 377 4109 bauungsbuch
390 4035 437 4092 fiir
447 4035 635 4094 katholische
644 4037 794 4093 ChriSten.
805 4033 910 4113 (Liber
918 4055 987 4112 pre·

159 4134 247 4216 cum.)
268 4153 279 4194 1
299 4139 359 4196 vol.
385 4154 409 4196 1.
429 4139 475 4196 ed.
497 4141 640 4207 Viennae,
667 4139 757 4213 1844,
782 4142 862 4216 typis
883 4158 986 4215 congr.

158 4244 300 4301 Mechith.
318 4245 392 4301 Cum
409 4242 533 4319 subseq.
550 4259 567 4318 5
586 4264 656 4302 nov.
673 4244 743 4302 edit.
891 4217 902 4237 ⁰

246 4367 281 4422 V.
313 4367 376 4423 Des
407 4367 522 4424 Kindes
554 4367 661 4442 Engel.
694 4367 808 4425 Gebet·
839 4367 899 4424 und
930 4368 987 4424 Er·

158 4469 376 4545 bauungsbuch
403 4471 450 4527 fiir
477 4472 525 4529 die
553 4472 835 4529 christkatholische
859 4471 986 4548 Jugend.

157 4573 263 4653 (Liber
275 4573 420 4655 precum.)
441 4591 451 4632 1
466 4577 525 4633 vol.
541 4577 683 4644 Viennae,
700 4575 790 4650 1846.
805 4591 867 4653 typ.
881 4596 986 4651 congr.

158 4679 298 4736 Mechith.
329 4681 403 4736 Cum
427 4681 536 4757 compl.
561 4684 681 4756 imagin.
703 4701 728 4738 s.
750 4682 861 4739 Missae
884 4696 987 4758 partes

158 4783 455 4862 demonstrantibus)

245 4888 295 4943 Vl.
309 4887 592 4962 Erinnerungsblatt
604 4907 642 4944 an
655 4889 703 4944 die
716 4887 868 4946 leierliche
878 4890 986 4947 Weihe

158 4990 212 5047 der
224 5008 320 5045 neuen
332 5009 461 5064 grossen
472 4991 590 5048 Glocke
603 4994 641 5048 im
652 4990 862 5050 Plarrbezirlre
875 4992 985 5051 Schot-

158 5092 279 5150 tenleld.
311 5089 355 5169 (ln
381 5097 554 5151 memoriam
579 5094 777 5152 dedicationis
800 5095 985 5177 campanae.)

159 5198 305 5261 Viennae,
327 5197 416 5270 1855,
434 5200 514 5273 typis
531 5218 636 5274 congr.
654 5199 795 5257 Mechith.

212 5337 217 5347 ·
246 5315 347 5394 Quae
364 5318 407 5379 de
424 5331 591 5398 suscepta
612 5334 705 5380 anno
726 5323 804 5381 1855
821 5319 856 5382 in
873 5330 985 5383 terras

157 5455 282 5499 sacras
303 5438 586 5518 peregrinatione
611 5458 761 5502 unacum
783 5441 985 5506 confratrib.

1068 685 1220 748 Alberto
1236 682 1414 749 Gatscher
1431 698 1470 748 et
1485 685 1657 748 Udalrico
1673 684 1772 749 Roiss
1789 680 1908 767 trid<

1068 808 1172 888 hunc)
1189 807 1359 870 memoria
1375 807 1486 891 digna
1503 806 1684 889 iudicavit,
1706 808 1791 891 typis
1807 803 1908 872 edi

1070 929 1122 992 dit
1138 947 1210 1010 op.:

1155 1055 1221 1112 Vll.
1252 1055 1366 1112 Blatter
1392 1074 1447 1112 aus
1474 1055 1555 1130 dem
1573 1054 1755 1131 Tagebuche
1777 1058 1908 1116 meine

1069 1159 1250 1234 Pilgerreise
1271 1162 1300 1215 in
1322 1160 1376 1216 das
1396 1161 1508 1235 heilige
1530 1160 1618 1217 Land
1642 1163 1679 1217 im
1698 1160 1780 1237 Jahre
1797 1160 1838 1218 18
1844 1177 1880 1236 5
1888 1181 1908 1242 5

1074 1279 1084 1320 1
1104 1264 1164 1320 vol.
1186 1264 1227 1322 8⁰.
1258 1280 1282 1320 1.
1299 1263 1346 1321 ed.
1362 1265 1508 1333 Viennae,
1530 1267 1613 1342 typis
1634 1283 1735 1341 congr.
1751 1265 1908 1331 Mechith

1069 1368 1164 1425 Huius
1177 1367 1278 1433 libelli,
1292 1369 1373 1426 mult.
1383 1368 1536 1444 imaginib.
1548 1384 1648 1426 terrae
1658 1383 1773 1426 sanctae
1782 1384 1908 1438 ornati

1068 1486 1130 1529 tres
1147 1474 1212 1530 iter.
1229 1473 1300 1530 edit.
1318 1488 1387 1529 sunt
1402 1487 1536 1531 secutae.

1154 1576 1233 1634 VIII.
1256 1578 1313 1634 Die
1329 1577 1557 1652 Aulerstehung
1572 1577 1644 1653 Jesu
1663 1609 1706 1618 -
1726 1576 1795 1634 uber
1811 1581 1908 1650 alle,

1068 1681 1199 1739 Zweifel.
1226 1682 1282 1738 Ein
1298 1681 1389 1739 Wort
1404 1702 1456 1739 zur
1468 1681 1624 1757 Stirlcung
1638 1680 1684 1738 1111
1695 1681 1767 1750 Alle,
1778 1685 1908 1756 welch,

1069 1785 1151 1842 ihren
1166 1783 1306 1842 Glauben
1322 1784 1430 1843 lieben.
1447 1781 1478 1863 (i.
1491 1804 1518 1843 e.
1531 1785 1769 1843 Resurrectionis
1780 1785 1908 1860 domin,

1067 1888 1262 1968 dilucidatio.)
1280 1890 1423 1958 Viennae,
1440 1892 1521 1967 typis
1537 1890 1638 1967 Leop.
1655 1888 1766 1946 Grund.

1154 2007 1437 2090 Manuscriptum
1460 2028 1567 2090 porro
1591 2009 1671 2090 ipse
1694 2018 1808 2071 auctor
1831 2024 1899 2085 ad.

1069 2143 1202 2194 servat:

1155 2258 1206 2314 IX.
1224 2257 1454 2332 Erinnerungen
1470 2275 1526 2313 aus
1544 2259 1672 2314 meinem
1686 2256 1791 2314 Lebeu.
1811 2258 1838 2338 (i.
1858 2283 1883 2320 e

1068 2362 1155 2418 Vitae
1171 2357 1398 2439 commentarii.)
1419 2376 1429 2417 1
1451 2361 1511 2418 vol.
1529 2368 1573 2434 4⁰.

1155 2523 1326 2621 Lbskay
1347 2535 1546 2599 Placidus
1571 2534 1796 2619 Stephanus
1813 2538 1869 2616 (de

1069 2671 1096 2714 s.
1113 2651 1253 2715 Monte
1267 2652 1532 2734 Pannoniae),
1549 2653 1675 2735 Papae
1691 2652 1867 2717 comvesz·

1068 2775 1178 2856 prem.
1197 2776 1231 2838 111
1248 2775 1433 2858 Hungaria
1456 2774 1513 2837 die
1532 2795 1583 2854 ²7·
1601 2776 1664 2838 Iul.
1686 2780 1757 2854 1815
1770 2786 1864 2845 natuS,

1069 2917 1096 2961 s.
1112 2898 1235 2961 habitu
1253 2898 1310 2960 die
1327 2903 1356 2962 8.
1373 2897 1473 2980 Sept.
1496 2903 1572 2961 1801
1598 2899 1745 2980 indutus,
1762 2898 1803 2960 die
1821 2909 1865 2964 14·

1069 3021 1157 3102 Apr.
1180 3025 1259 3083 1808
1276 3030 1361 3083 vota
1376 3021 1563 3083 sollemnia
1585 3020 1713 3101 emisit,
1732 3031 1763 3083 et
1777 3020 1867 3080 abso·

1068 3142 1152 3204 lutis
1168 3142 1202 3204 in
1216 3141 1870 3227 01110111110.111001ος1000111111100011οω

1069 3282 1162 3327 anno
1191 3285 1216 3328 1.
1238 3264 1295 3327 die
1318 3264 1475 3347 Augusti
1501 3267 1693 3347 presbyter
1713 3263 1872 3327 ordinatus

1069 3398 1133 3468 est,
1151 3406 1196 3449 ex
1214 3406 1283 3468 quo
1299 3396 1459 3468 tempore
1476 3388 1523 3450 ad
1535 3407 1666 3450 annum
1683 3391 1756 3467 1879
1769 3373 1875 3448 officio

1068 3508 1280 3590 professoris
1289 3507 1501 3573 Comaromii
1513 3509 1668 3592 functus,
1677 3501 1876 3574 1111110111ἀὸ-

1068 3632 1199 3713 pestini
1216 3632 1250 3694 in
1266 3631 1498 3695 universitate
1518 3633 1621 3714 regia
1636 3631 1755 3695 studiis
1767 3624 1875 3691 ramat⁴

1069 3753 1237 3835 Scripsit:

1155 3882 1177 3937 I.
1195 3880 1221 3936 A
1238 3880 1317 3956 papa
1333 3880 1437 3937 udvari
1458 3880 1558 3938 (irrisa.
1581 3879 1611 3959 (i.
1629 3901 1655 3940 e.
1672 3879 1776 3938 Artifex
1788 3878 1878 3934 hor0'

1068 3986 1215 4060 logiorum
1233 3985 1319 4042 Rom.
1337 3984 1509 4065 pontificis.)
1527 3986 1575 4043 Ex
1592 3986 1692 4062 lingua
1706 3985 1878 4044 oerncon·

1068 4092 1168 4146 vertit.
1194 4091 1225 4145 ln
1242 4087 1292 4146 lib.
1310 4089 1486 4165 periodicis:
1505 4091 1595 4147 Kath.
1613 4091 1736 4169 Ne'plap.
1754 4084 1833 4159 1867·

1155 4195 1191 4251 ll.
1209 4194 1313 4250 Elvazi
1331 4195 1493 4270 Berengar.
1508 4190 1809 4299 (Narratiuncula.)lix
1823 4181 1879 4239 lifl‘

1068 4319 1127 4374 gua
1149 4298 1250 4355 Germ.
1276 4301 1433 4356 convertit.
1453 4301 1506 4356 ln:
1533 4288 1624 4357 Kath.
1646 4300 1766 4375 Hetilcp.
1789 4290 1876 4358 1879·

1154 4462 1331 4537 Lueond
1368 4475 1609 4539 Bernardus
1645 4455 1874 4558 (aturensis),

1067 4601 1171 4654 natus
1183 4592 1219 4653 in
1232 4590 1389 4655 Suitensi
1402 4611 1498 4674 pago
1511 4592 1696 4676 Biberegg
1706 4591 1757 4654 die
1767 4583 1871 4650 §.1²st

1071 4732 1162 4793 1792,
1185 4713 1276 4776 inter
1292 4715 1484 4776 monachos
1503 4724 1672 4797 receptus
1691 4730 1779 4777 sacra
1793 4712 1868 4789 pr0¹

1065 4834 1220 4897 sessione
1246 4835 1303 4897 die
1329 4839 1357 4897 8.
1381 4837 1469 4898 Dec.
1498 4839 1595 4918 1810,
1624 4830 1800 4900 sacerdotio
1819 4819 1863 4881 1⁰·

1065 4957 1218 5039 signitus
1242 4958 1299 5020 die
1323 4963 1351 5020 8.
1378 4956 1457 5020 Oct.
1489 4964 1589 5041 1815,
1615 4960 1680 5022 fuit
1703 4953 1854 5039 professor,

1065 5079 1146 5142 dein
1164 5080 1327 5161 subprior
1340 5089 1375 5142 et
1387 5080 1689 5163 bibliothecarius,
1704 5057 1848 5161 posterii·
1906 5050 1908 5061 ⁵

1065 5203 1181 5264 carius
1195 5215 1230 5265 et
1243 5214 1385 5266 curatus
1397 5203 1493 5285 apud
1504 5204 1629 5267 Muros
1641 5215 1677 5268 et
1685 5205 1717 5266 in
1725 5190 1840 5263 Wohlffl·

1065 5324 1241 5406 Tempore
1271 5325 1534 5407 suppressionis
1564 5322 1755 5391 monasterii
1774 5310 1833 5399 prius

1065 5448 1110 5508 ad
1138 5445 1395 5528 Einsidlenses‚
1426 5460 1556 5529 postea
1584 5440 1831 5533 Klingenbernu
