4034 6262
669 532 949 599 *443-

126 736 195 778 anu
211 715 324 796 ipsius
343 716 477 796 scripta
492 715 685 777 habentur:

124 860 261 916 {streicha
284 859 421 914 Liadln.“
452 855 480 936 (i.
506 878 532 915 e.
557 858 772 914 Cantiunculae

126 962 143 1042 .)
161 964 308 1022 Volumen
321 966 456 1039 primum,
471 962 600 1018 dialecto
612 961 773 1018 vernacula

124 1088 157 1136 m,
182 1071 211 1123 in
236 1068 390 1124 densatam
416 1067 548 1123 chartam
572 1080 771 1141 compactum.

124 1216 130 1229 .
162 1174 273 1247 incip:
304 1172 371 1242 „Do
399 1170 536 1227 deutschi
564 1167 692 1245 Sprach.
725 1170 773 1224 Do

138 1295 156 1332 a
172 1278 275 1332 scheni
291 1274 442 1350 Sprach“‚
460 1275 523 1330 fin:
545 1273 606 1345 „So
623 1272 717 1329 bleibt
733 1274 772 1329 do

124 1399 137 1437 ¹.
153 1381 265 1456 Janner
286 1379 397 1451 1851‘⁴.
416 1379 545 1435 Adserv.
560 1381 587 1433 in
601 1377 672 1435 bibl.
687 1377 772 1434 Scot.

133 1501 167 1557 15
184 1483 211 1563 (5
218 1481 278 1562 59).
297 1485 447 1550 Continet,
466 1487 490 1538 si
504 1484 607 1539 ultima
620 1483 667 1538 illa
682 1482 773 1537 unde-

124 1609 153 1656 a,
171 1608 248 1664 quae
265 1607 356 1664 supra
372 1588 500 1654 laudavi,
518 1586 775 1663 apophthegmata

127 1708 208 1750 ntum
222 1712 346 1749 numero
356 1691 646 1768 comprehendimus,
658 1690 699 1746 60
708 1709 774 1746 car-

127 1817 232 1855 norum
250 1799 395 1871 cuiusque
409 1797 522 1852 calcem
540 1797 605 1852 dies
621 1797 774 1869 composi·

136 1921 215 1958 anno
231 1903 391 1976 appositus
408 1915 463 1956 est.

124 2011 253 2064 :reimtes
267 2007 324 2062 und
339 2007 557 2079 Ungereimtes
572 2002 601 2083 (i.
612 2024 638 2060 e.
653 2006 775 2060 Poetica

124 2133 139 2178 ι,
157 2112 203 2167 vel
221 2113 332 2187 potius,
346 2113 370 2165 si
385 2112 532 2184 tropicum
546 2128 665 2164 sensum
683 2110 775 2163 anim·

124 2219 202 2272 seria
228 2230 257 2271 et
283 2213 408 2290 iocosa).
432 2214 579 2269 Volumen
601 2213 774 2277 secundum,

128 2324 205 2377 raria
222 2323 377 2396 scriptum.
399 2322 428 2374 in
451 2332 625 2391 tegumenta
641 2317 774 2390 ligatum.

141 2427 249 2500 incip:
283 2425 368 2495 „Uen
392 2422 560 2478 Freunden.
593 2421 639 2476 An
664 2424 775 2477 meines

133 2530 162 2584 T
165 2530 269 2596 hiire“,
287 2529 350 2584 fin:
372 2529 453 2597 „Der
470 2527 553 2582 torlte
571 2525 704 2582 Stratrss
727 2539 773 2597 17.

124 2638 165 2689 )“.
191 2633 318 2689 Adserv.
342 2635 371 2687 in
392 2630 463 2688 bibl.
482 2631 566 2686 Scot.
592 2631 669 2686 Notai
687 2645 737 2702 54,
756 2629 774 2685 f.

124 2738 265 2793 Continet
287 2734 325 2806 65
345 2737 475 2790 carmina
497 2747 528 2789 et
549 2736 774 2809 epigrammata,

131 2855 229 2897 tamen
254 2838 402 2908 omnibuS,
430 2858 489 2894 non
514 2837 655 2894 obstante
679 2839 774 2905 titum,

124 2965 144 3000 :r
160 2964 266 3001 versus
283 2946 425 2999 extremis
441 2942 543 2999 verbis
560 2945 637 2998 inter
653 2961 686 2997 se
703 2960 775 2998 con·

124 3054 163 3106 ies
180 3051 409 3124 compositionis
426 3048 463 3103 ad
477 3049 589 3135 calcem
605 3055 775 3122 poi'matum

124 3155 268 3228 rlegitur.

124 3296 129 3332 e
157 3272 383 3334 collectiones
411 3280 507 3351 sunt,
536 3290 627 3351 quae
655 3290 776 3332 veram

128 3414 146 3455 e
185 3392 370 3455 Bertholdi
410 3392 559 3474 gloriam
601 3391 775 3464 efficiunt:

127 3515 198 3577 rius
222 3536 267 3577 ex
290 3515 388 3577 hisce
413 3514 566 3594 patebit:
597 3513 776 3576 Austriaci

124 3638 204 3700 {culi
214 3637 342 3717 poetae
356 3636 389 3697 in
402 3636 564 3697 bifariam
574 3635 667 3696 viam
681 3635 776 3696 abie-

124 3760 169 3839 eri,
183 3760 337 3820 scholam
347 3758 532 3838 poetarum
542 3756 777 3819 recentiorum

124 3885 186 3941 ἔνων
203 3889 404 3959 sequentes,
420 3878 676 3939 revolutionem
694 3878 777 3939 civi·

125 4002 219 4064 nium
248 4000 297 4062 uti
325 4020 416 4061 nunc
445 4007 526 4060 sunt
553 4019 669 4061 rerum
697 4019 778 4060 con-

125 4173 134 4205 ,
158 4132 352 4184 extremam
377 4121 574 4183 libertatem
598 4120 777 4201 politicam

124 4243 284 4305 tiusmodi
296 4243 494 4304 fulminanti
508 4245 696 4304 verborum
709 4243 778 4305 fra-

125 4366 250 4437 citant;
279 4365 391 4443 alteri,
415 4364 546 4426 talibus
570 4365 779 4427 tumultibus

124 4497 183 4568 teS,
197 4507 274 4549 cum
284 4506 419 4548 musam
432 4486 709 4567 tranquilliorem
722 4507 779 4549 co-

124 4629 215 4689 quae
235 4629 320 4670 vere
343 4610 496 4669 humana
518 4618 614 4688 sunt,
639 4618 779 4690 canant,

124 4731 222 4793 buius
239 4731 318 4793 aevi
334 4730 513 4791 hominum
526 4731 651 4792 animis
667 4731 780 4793 minus

124 4854 285 4934 tdrident,
310 4872 375 4934 pro
401 4852 599 4932 posteriore
620 4860 780 4932 tempore

124 4995 224 5037 §suas
233 4977 373 5037 laureas
387 4984 627 5037 reservantes:
640 4973 680 5035 In
695 4995 780 5055 quo-

123 5117 183 5159 ero
197 5098 302 5159 etiam
313 5097 529 5159 Bertholdus
539 5105 661 5157 noster
672 5096 780 5177 venit,

124 5219 225 5280 :iores
249 5220 411 5300 poeticae
435 5239 521 5281 suae
546 5218 670 5280 ditioni
692 5217 781 5281 fines

124 5361 172 5402 ms
189 5351 226 5402 et
241 5361 287 5402 ex
306 5342 348 5403 iis
365 5344 488 5424 solum,
510 5362 601 5422 quae
623 5341 781 5422 quotidie

123 5463 273 5543 debant,
304 5464 453 5525 canendi
477 5463 699 5525 occasionem
724 5483 781 5525 ca·

852 711 965 794 pienS,
990 731 1054 773 sua
1077 731 1219 794 semper
1239 711 1385 773 exhibet
1402 712 1468 793 vel,
1493 711 1553 773 ubi
1576 713 1684 775 alium

851 835 1056 915 loquentem
1072 833 1159 895 facit
1176 835 1217 915 (e.
1227 853 1262 915 g.
1276 835 1345 895 den
1360 843 1598 917 ,zerstreuten
1607 835 1684 896 Ma-

853 955 1110 1038 thematiker“),
1125 959 1263 1018 suamet
1275 956 1392 1018 indole
1409 960 1572 1019 adornat:
1590 960 1684 1019 unde

853 1079 957 1141 facile
980 1078 1087 1140 etiam
1104 1079 1314 1160 explicatur,
1340 1099 1449 1159 quare
1470 1079 1684 1160 baptismale

854 1202 930 1263 eius
946 1220 1073 1263 nomen
1089 1201 1241 1263 Ioannes
1262 1201 1399 1283 (Hansl)
1424 1202 1529 1264 toties
1554 1202 1589 1264 in
1610 1223 1685 1264 car-

854 1322 1007 1385 minibus
1023 1322 1136 1403 ipsius
1152 1333 1321 1385 recurrat.

942 1442 1167 1525 Singularem
1199 1443 1422 1525 diligentiam
1454 1445 1487 1507 in
1518 1447 1685 1527 poemata

854 1566 1046 1628 vernacula
1074 1566 1226 1628 dialecto
1252 1565 1470 1629 conficienda
1492 1568 1685 1649 impendit:

855 1689 1084 1769 quamobrem
1101 1706 1192 1767 opus
1211 1689 1296 1749 illud
1316 1688 1521 1770 „Estreicha
1538 1690 1684 1752 Liadln‘·'

855 1810 1021 1870 volumen
1038 1809 1088 1871 uti
1105 1812 1322 1871 numerando
1338 1811 1446 1892 priuS,
1468 1811 1519 1874 ita
1540 1823 1575 1874 et
1591 1814 1687 1894 prin-

856 1930 970 2012 cipale
987 1940 1023 1993 et
1040 1930 1217 2012 copiosius
1231 1932 1342 1993 altero
1356 1952 1434 1994 esse
1452 1934 1577 2005 voluit;
1594 1935 1685 1996 hane

855 2052 1074 2132 provinciam
1097 2055 1324 2114 vernaculam
1348 2053 1480 2115 diutius
1505 2057 1629 2135 (usque
1656 2076 1684 2133 7.

855 2174 928 2235 Ian.
949 2175 1039 2254 1851)
1058 2174 1178 2245 coluit;
1197 2174 1303 2236 docta
1320 2175 1568 2239 dissertatione
1586 2197 1686 2238 suam

856 2295 1018 2358 defendit
1041 2296 1248 2358 dialectum:
1277 2317 1368 2378 quae
1392 2307 1511 2360 tamen
1537 2319 1605 2361 non
1630 2313 1686 2363 est

856 2419 1060 2499 incorrupta
1082 2427 1204 2480 nostra
1225 2421 1449 2501 campestriS,
1474 2424 1549 2501 sed,
1574 2423 1685 2485 mixta

857 2560 903 2601 ex
918 2539 1089 2600 litteraria
1106 2548 1143 2601 et
1159 2538 1284 2601 alienis
1301 2560 1442 2622 quoque
1463 2541 1603 2624 linguis
1630 2565 1685 2606 ur-

855 2663 950 2722 bana
974 2659 1203 2742 Viennensis,
1232 2660 1291 2722 illo
1319 2662 1441 2743 utique
1465 2672 1625 2745 tempore
1650 2667 1685 2727 in

856 2781 1062 2844 hodiernam
1085 2783 1177 2843 luem
1199 2785 1351 2844 nondum
1375 2784 1538 2865 delapsa:
1562 2805 1687 2849 secun-

857 2906 939 2966 dum
955 2903 1136 2985 ingenium
1153 2912 1272 2965 autem
1293 2923 1340 2965 ex
1356 2906 1540 2969 Bertholdi
1562 2910 1686 2969 carmi-

856 3026 961 3088 nibus
983 3027 1216 3106 resplendens
1240 3026 1308 3089 ista
1332 3047 1353 3087 a
1376 3028 1601 3109 poematibus
1624 3030 1687 3091 im-

856 3149 1011 3210 mediate
1039 3168 1085 3209 ex
1113 3148 1246 3229 populo
1270 3148 1562 3228 provenientibus
1590 3154 1687 3214 nullo

856 3271 962 3333 modo
979 3270 1230 3352 distinguntur,
1243 3307 1284 3316 -
1298 3291 1368 3351 qua
1381 3272 1485 3333 laude
1498 3273 1608 3335 maior
1620 3274 1688 3335 illis

857 3392 964 3458 tribui
981 3392 1113 3474 nequit.
1138 3393 1352 3454 Inserendus
1373 3394 1482 3475 igitur
1502 3405 1557 3458 est
1573 3394 1687 3478 Seng-

857 3515 1001 3578 schmitt
1035 3535 1180 3576 numero
1215 3517 1400 3595 poetarum
1431 3518 1686 3580 Viennensium

858 3635 913 3718 (G.
939 3635 1047 3718 Seidl,
1076 3637 1106 3715 J.
1131 3637 1170 3698 F.
1195 3636 1355 3719 Castelli,
1385 3638 1570 3700 Klesheim
1595 3642 1686 3721 etc),

858 3758 1021 3820 omnibus
1032 3759 1097 3839 his,
1115 3758 1143 3820 si
1158 3761 1299 3840 quando
1314 3778 1423 3840 opera
1437 3759 1512 3821 eius
1525 3761 1560 3822 in
1574 3762 1688 3823 lucem

858 3879 1068 3961 prodierint,
1093 3880 1185 3941 forte
1210 3881 1379 3961 superior.
1415 3878 1487 3942 Sed
1516 3902 1577 3943 cur
1599 3883 1688 3963 ipse,

858 4022 1061 4082 quanquam
1083 4004 1128 4063 ab
1151 4003 1289 4064 aemulo
1311 4023 1452 4084 quoque
1469 4001 1569 4066 Seidl
1593 4007 1689 4068 exci-

858 4134 964 4204 tatus
986 4124 1045 4185 illa
1062 4126 1168 4186 edere
1184 4125 1346 4205 noluerit,
1371 4125 1406 4186 in
1428 4127 1581 4188 carmine
1603 4148 1688 4207 quo-

859 4249 955 4326 dam,
984 4245 1040 4306 cui
1064 4245 1265 4307 inscribitur
1291 4245 1685 4330 „D’Entschuldigung“

860 4366 1068 4449 (excusatio)
1097 4366 1260 4428 edicitur:
1293 4367 1395 4449 Fore,
1424 4369 1483 4448 ait,
1508 4379 1546 4431 ut
1570 4389 1688 4432 coram

858 4489 1059 4551 hominibus
1076 4508 1207 4550 canens
1223 4508 1305 4549 mox
1323 4499 1469 4570 propter
1485 4509 1609 4553 vocem
1627 4495 1686 4573 (se.

859 4611 1107 4691 vernaculam),
1132 4629 1215 4671 mox
1239 4620 1387 4690 propter
1411 4610 1563 4673 animum
1587 4631 1688 4674 suum

862 4734 969 4814 (nulla
985 4733 1121 4794 ratione
1137 4733 1414 4814 tumultuosum),
1440 4753 1522 4795 mox
1543 4745 1689 4815 propter

861 4855 966 4917 istam
982 4863 1118 4916 vestem
1137 4855 1274 4934 (utpote
1290 4856 1544 4936 monachalem)
1566 4876 1689 4938 carpe-

860 4986 972 5050 retur;
998 4996 1106 5058 quare
1131 4975 1216 5037 solis
1239 4975 1362 5037 amicis
1386 4996 1423 5038 se
1448 4997 1629 5039 susurrare
1654 4980 1689 5040 in

861 5099 1081 5179 abscondito,
1104 5099 1217 5160 instar
1237 5097 1417 5180 lusciniae,
1443 5120 1533 5181 quae
1551 5101 1689 5161 nonnisi

861 5222 896 5283 in
912 5221 1087 5283 umbrosis
1104 5220 1271 5283 silvarum
1288 5221 1461 5282 reditibus
1473 5240 1597 5284 vocem
1614 5223 1689 5283 dul-

861 5362 937 5404 cem
954 5341 1096 5404 fundat:
1115 5361 1160 5403 an
1176 5342 1277 5423 forte,
1291 5361 1383 5422 quae
1396 5342 1475 5423 ipsa
1488 5320 1616 5425 cantet,
1634 5352 1689 5426 ty-

861 5462 917 5544 pis
933 5483 1087 5545 unquam
1105 5483 1183 5525 esse
1200 5463 1454 5545 imprimenda?

1431 5569 1483 5632 5⁶*
