4034 6262
863 515 905 524 -
951 477 1066 539 LVIII
1112 513 1152 523 —

145 703 382 767 Czanadensis
405 723 427 764 a
450 723 477 766 s.
503 701 664 766 Gerardo
693 702 874 781 conditae,
909 702 943 764 in
976 722 1081 783 quam
1112 721 1182 764 non
1214 702 1327 764 solum
1356 701 1564 784 indigenae,
1595 706 1659 767 sed
1692 706 1803 767 etiam
1836 724 1871 767 eu

145 841 346 921 Germania,
371 841 553 921 Bohemia,
578 841 737 922 Polonia,
762 840 880 904 Gallia
904 842 1152 903 adolescentes
1175 840 1371 903 litterarum
1396 841 1516 923 cupidi
1540 841 1803 905 confluxerunt.
1844 845 1871 907 lr

145 981 200 1042 his
224 979 364 1061 scholis,
388 990 426 1042 ut
442 981 563 1042 variae
580 990 681 1042 erant
704 980 914 1043 discentium
932 979 1162 1059 conditiones,
1186 979 1236 1042 ita
1253 979 1373 1042 variae
1389 1000 1447 1042 res
1464 982 1696 1044 docebantur.
1730 982 1871 1045 Praete:

144 1119 297 1202 legendi,
315 1118 503 1197 scribendi,
520 1120 687 1182 cantandi
704 1129 810 1199 artes,
828 1119 1060 1201 grammatica
1077 1130 1112 1182 et
1129 1119 1315 1183 dialectica
1332 1121 1568 1193 docebantur;
1594 1121 1653 1204 qui
1671 1123 1871 1185 sacerdote:

144 1268 246 1321 erant
276 1257 402 1337 futuri,
436 1257 650 1339 theologicis
680 1258 808 1320 litteris
840 1259 1040 1339 complures
1069 1277 1181 1319 annos
1210 1276 1248 1319 se
1279 1259 1431 1336 dabant,
1464 1258 1524 1339 qui
1555 1260 1600 1321 ad
1632 1261 1684 1323 rei
1713 1261 1871 1342 publica«

144 1417 289 1460 munera
312 1409 413 1460 erant
436 1395 624 1476 accessuri,
649 1395 733 1458 iuris
757 1397 935 1478 quandam
959 1394 1142 1459 scientiam
1166 1395 1409 1476 acquirebant.

275 1536 426 1601 Saeculo
451 1538 553 1601 XIII.
578 1545 721 1619 praeter
744 1555 810 1617 reS,
836 1555 924 1617 quas
948 1555 1055 1616 supra
1079 1535 1361 1611 memoravimus,
1385 1536 1571 1617 rhetorica,
1595 1537 1649 1600 ius
1669 1539 1871 1601 canonicun

146 1685 184 1738 et
206 1676 448 1758 Hungaricum
473 1677 697 1747 tradebatur;
721 1675 756 1737 in
780 1675 901 1737 schola
923 1674 1169 1756 Vesprimensi
1193 1674 1347 1737 maxime
1371 1675 1584 1755 eloquentia,
1613 1679 1871 1741 mathematica

144 1815 374 1895 astronomia,
406 1814 542 1896 poesi5,
574 1814 800 1895 philosophia
831 1812 978 1875 historia
994 1814 1027 1892 ¹).
1074 1812 1226 1876 Scholae
1254 1812 1500 1894 Hungaricae,
1531 1835 1749 1897 quamquam
1784 1817 1871 1880 Mon

144 1953 304 2035 golorum
338 1953 644 2015 devastationibus
675 1951 966 2032 temporibusque
999 1951 1225 2032 turbulentiS,
1260 1972 1351 2033 quae
1384 1964 1507 2016 secuta
1537 1964 1620 2017 sunt
1649 1957 1871 2036 Arpadarur

145 2092 255 2174 stirpe
279 2092 467 2172 exstincta,
491 2112 626 2153 summa
649 2101 865 2172 acceperant
893 2091 1120 2169 detrimenta,
1152 2099 1270 2154 tamen
1300 2101 1504 2155 manserunt
1536 2112 1649 2174 usque
1681 2097 1729 2157 ad
1758 2095 1871 2159 Osma

144 2251 268 2294 norum
293 2231 567 2294 dominationem
592 2241 673 2312 post
696 2230 874 2292 funestam
898 2250 1055 2312 pugnam
1079 2232 1175 2310 apud
1199 2230 1346 2292 Mohacs
1372 2233 1479 2311 (1520)
1505 2243 1680 2312 coeptam.

924 2662 1029 2727 CAP.
1054 2664 1098 2726 II.

275 2926 361 2988 Cum
386 2933 580 3008 praecepta
601 2925 805 2988 Lutherana
822 2925 1136 2988 Benedictinorum
1159 2925 1374 2988 monasteria
1398 2926 1432 2988 in
1449 2927 1588 3008 Alpicis
1612 2928 1717 2990 terris
1744 2929 1871 3010 impe]

144 3065 325 3129 Austriaci
350 3065 572 3147 invasissent,
598 3066 750 3146 scholae,
775 3084 866 3146 quae
890 3066 1033 3127 saeculo
1058 3065 1140 3126 XV.
1165 3064 1366 3145 floruerant,
1392 3065 1609 3128 interierunt.
1645 3066 1755 3129 Pueri
1783 3072 1871 3131 nol:

144 3205 228 3267 lium
253 3204 451 3286 civiumque
471 3206 591 3287 paullo
607 3204 887 3285 locupletiorum,
911 3213 1100 3285 postquam
1125 3203 1159 3264 in
1175 3203 1363 3285 gymnasio
1378 3202 1629 3265 Loosdorfensi
1648 3215 1685 3266 et
1700 3204 1871 3267 Horner.

143 3345 180 3407 in
204 3343 349 3405 Austria
372 3343 544 3424 inferiore,
569 3342 720 3407 Stirensi
744 3352 779 3403 et
802 3342 968 3406 Lincensi
996 3342 1031 3404 in
1056 3341 1203 3405 Austria
1226 3341 1417 3422 superiore,
1451 3340 1658 3404 Graeciensi
1693 3343 1729 3404 in
1760 3342 1871 3407 stit-i

144 3481 430 3564 Clagenfurtensi
453 3481 488 3543 in
513 3481 693 3545 Carinthia
715 3481 843 3544 litteris
866 3480 1077 3543 necessariis
1101 3481 1226 3542 imbuti
1247 3491 1357 3561 erant,
1382 3480 1417 3543 in
1434 3481 1703 3543 universitatem
1722 3482 1867 3545 Witte

143 3625 355 3704 bergensem
379 3621 620 3684 mittebantur.
660 3621 865 3685 Catholicae
889 3621 1031 3683 scholae
1056 3619 1162 3682 etiam
1187 3628 1259 3681 tum
1284 3620 1477 3681 manebant
1500 3620 1700 3701 Lunaelaci,
1726 3644 1752 3685 s.
1778 3622 1871 3684 Lau

142 3762 235 3825 berti
251 3762 284 3823 in
303 3760 420 3841 Stiria,
437 3762 482 3823 ad
499 3759 628 3824 Scotos
645 3759 958 3833 Vindobonenses;
981 3779 1102 3822 earum
1119 3778 1284 3821 numerus
1307 3769 1434 3821 auctus
1458 3767 1513 3821 est
1536 3779 1628 3822 anno
1652 3765 1734 3839 1549
1758 3763 1871 3823 scho

144 3900 270 3963 Latina
297 3898 536 3981 („lateinische
560 3897 737 3978 Schuell“)
769 3901 814 3960 ab
842 3901 974 3960 abbate
999 3897 1174 3980 Gregorio
1205 3898 1239 3959 in
1271 3897 1487 3960 monasterio
1511 3898 1768 3962 Cremifanensi
1797 3916 1871 3962 co

143 4039 281 4119 stituta,
310 4058 356 4101 ex
378 4039 506 4120 quibus
529 4038 729 4119 primordiis
753 4037 906 4100 effloruit
930 4037 1154 4121 gymnasium
1177 4039 1245 4099 hac
1268 4037 1375 4099 etiam
1407 4046 1525 4099 aetate
1559 4039 1836 4101 celeberrimum

143 4179 329 4242 Restituta
353 4198 432 4241 cum
456 4178 551 4241 civili
575 4188 649 4240 tum
673 4178 917 4240 ecclesiastica
941 4177 1153 4240 auctoritate
1177 4177 1388 4260 interposita
1412 4177 1446 4238 in
1471 4178 1696 4240 monasteriis
1721 4199 1778 4259 ea,
1810 4195 1871 4258 qr.

145 4317 288 4380 condita
319 4328 436 4396 erant,
470 4317 672 4380 conditione
704 4328 811 4399 atque
843 4317 988 4378 Lutheri
1019 4316 1196 4378 erroribus
1228 4317 1382 4379 extrusis
1413 4336 1439 4379 s.
1469 4317 1656 4379 Benedicti
1691 4317 1871 4400 disciplir‘

144 4466 316 4517 renovata
339 4455 470 4536 ubique
494 4455 637 4517 scholae
661 4455 923 4536 aperiebantur,
948 4474 1013 4517 nec
1038 4454 1126 4516 levis
1151 4465 1227 4516 erat
1250 4454 1345 4516 fama
1369 4456 1512 4517 scholae
1528 4455 1761 4536 Mellicensis,
1778 4456 1871 4519 Got÷

145 4593 308 4673 vicensiS,
333 4592 664 4673 Seitenstadiensis,
689 4593 953 4656 Lambacensis
993 4595 1052 4655 Ad
1076 4592 1204 4657 Scotos
1220 4594 1518 4656 Vindobonenses
1542 4603 1577 4655 et
1603 4594 1639 4655 in
1663 4594 1871 4658 monasteria

146 4729 329 4793 Garstensi
361 4732 546 4794 convictus
576 4752 765 4814 puerorum
789 4731 958 4792 nobilium
983 4733 1244 4809 condebantur,
1276 4752 1406 4813 magno
1436 4734 1707 4797 adventantium
1737 4751 1871 4799 numere

144 4868 407 4949 frequentatis).
455 4871 570 4933 litiam
594 4872 628 4933 in
653 4870 865 4933 monasterio
885 4870 1118 4932 Admontensi
1143 4890 1234 4932 anno
1258 4877 1335 4948 1qu
1363 4874 1478 4934 denuo
1503 4874 1622 4934 schola
1651 4877 1871 4955 aperiebatur

147 5059 245 5066 u————
252 5062 454 5070 ——-—.

277 5200 296 5280 ¹)
322 5204 478 5277 liamsezy,
505 5206 677 5277 l’rogramm
703 5205 756 5259 (les
780 5201 1295 5276 Benedictiner-Obergymnasiums
1320 5224 1353 5258 zu
1380 5203 1562 5277 (lellenburg
1593 5205 1673 5280 1854
1693 5226 1746 5282 55.

277 5315 298 5391 ²)
324 5316 411 5386 llngn
437 5316 454 5370 l.
481 5335 506 5369 c.

274 5430 296 5503 3)
321 5428 433 5489 FricsS,
459 5427 599 5481 Garsten.
