4034 6262
881 504 918 512 -
966 464 1070 527 XLII
1117 502 1155 509 —-

142 695 290 759 abbatia
313 694 460 776 eiusque
483 691 639 755 abbatiis
665 688 807 753 filiabus
839 711 866 755 S.
888 689 1047 753 Mauritii
1077 692 1122 752 de
1150 689 1239 752 Beel
1269 698 1306 752 et
1335 690 1370 754 b.
1394 688 1530 752 Mariae
1559 691 1602 751 de
1625 689 1789 752 Diimblk
1814 690 1888 752 sola

142 843 246 897 erant
261 831 395 895 ordinis
411 828 597 893 domicilia.
621 828 713 892 Utut
724 847 810 890 vero
821 846 955 909 parvus
971 836 1047 889 erat
1063 846 1229 889 numerus
1244 827 1402 908 fratrum,
1418 836 1537 890 tamen
1550 827 1684 891 viribus
1697 829 1887 911 vigebant,

144 992 223 1035 cum
246 970 418 1053 paulatim
440 966 656 1031 monasteria
672 967 917 1049 Tyrnaviense
939 975 975 1028 et
991 966 1194 1047 Modrense,
1219 976 1255 1030 et
1279 975 1468 1047 postquam
1492 969 1579 1029 ordo
1602 967 1792 1031 societatis
1808 969 1887 1030 Iesu

142 1111 297 1174 abolitus
321 1119 385 1191 est,
410 1107 695 1174 Comaromiense
719 1090 973 1188 recuperarent
988 1106 1020 1186 ¹).

273 1248 347 1310 Vix
369 1267 456 1310 vero
480 1245 679 1326 calamitas,
712 1265 805 1326 quae
835 1244 965 1307 finibus
995 1244 1135 1326 imperii
1164 1245 1347 1308 Austriaci
1378 1246 1547 1309 divinitus
1577 1246 1727 1328 accidit,
1757 1258 1888 1310 exacta

144 1397 231 1470 erat,
256 1407 336 1450 cum
360 1388 447 1449 ordo
471 1405 551 1448 cum
574 1384 698 1466 paucis
721 1383 856 1446 viribus
879 1382 1012 1446 relictis
1036 1385 1082 1445 ad
1106 1403 1232 1446 munus
1256 1404 1358 1447 suum
1380 1384 1497 1447 redire
1521 1385 1651 1466 coepit.
1683 1383 1751 1447 Cui
1768 1385 1887 1448 studio

144 1526 371 1608 providentia
394 1523 516 1586 divina
539 1543 622 1585 mox
645 1542 760 1585 novae
784 1522 878 1585 vires
906 1522 1083 1585 adductae
1107 1534 1198 1585 sunt.
1245 1522 1360 1585 Maria
1384 1522 1499 1605 Anna,
1528 1522 1601 1585 filia
1629 1524 1887 1619 Philippi'HI„

126 1654 242 1748 'regis
266 1662 473 1745 Hispaniae,
497 1673 586 1744 tum,
611 1682 690 1725 cum
718 1667 798 1740 1629
822 1662 851 1723 F
854 1661 1048 1724 erdinando
1072 1661 1360 1742 Habsburgensi,
1393 1662 1452 1742 qui
1484 1670 1611 1743 postea
1640 1663 1885 1726 Romanorum

146 1807 339 1885 imperator
356 1811 410 1865 est
426 1802 573 1881 electus,
596 1799 728 1882 nupsit,
752 1808 927 1862 oratorem
949 1819 1088 1862 sacrum
1105 1800 1340 1862 Benedictum
1365 1802 1409 1862 de
1430 1801 1632 1863 Pennalosa
1647 1801 1886 1884 Mondragon,

146 1942 419 2005 conventualem
435 1939 568 2002 Montis
584 1937 729 2021 Serrati,
752 1958 798 2001 ex
813 1938 931 2020 patria
947 1957 1066 2001 secum
1091 1938 1203 2019 duxit,
1228 1948 1264 2000 et
1280 1939 1529 2021 imperatorem
1546 1939 1815 2002 Ferdinandum
1831 1941 1886 2017 11,

146 2099 308 2143 socerum
339 2098 450 2158 suum,
481 2076 675 2159 permovit,
707 2087 745 2139 ut
778 2077 936 2139 coloniae
967 2077 1090 2139 horum
1121 2078 1372 2139 monachorum
1404 2087 1600 2159 praecepta
1633 2098 1759 2142 sacrae
1795 2081 1887 2163 legis

147 2218 416 2301 diligentissime
440 2217 705 2279 observantium
729 2216 1013 2299 (congregationi
1034 2215 1249 2296 Valladolid)
1274 2217 1526 2279 monasterium
1550 2217 1778 2280 Emautinum
1802 2219 1887 2281 Pra-

146 2376 258 2439 gense
287 2360 368 2418 1630
391 2354 465 2417 fere
489 2356 669 2417 desertum
694 2353 939 2419 committeret.
979 2354 1067 2416 Tres
1098 2354 1227 2417 fratres
1259 2355 1471 2435 superstites
1502 2375 1581 2418 cum
1608 2357 1743 2419 abbate
1772 2358 1887 2420 Bene-

146 2495 242 2558 dicto
266 2493 523 2576 Bawarowsky
546 2492 688 2575 Pragae
711 2495 757 2556 ad
781 2513 808 2558 s.
832 2492 1016 2556 Nicolaum
1040 2493 1254 2556 domicilium
1279 2494 1347 2556 sibi
1370 2494 1639 2558 constituerunt.
1686 2496 1890 2560 Montsera-

147 2646 268 2698 tenses
301 2644 420 2696 autem
454 2636 521 2695 sub
555 2632 714 2695 Antonio
748 2631 967 2697 Sottomaior
1006 2637 1086 2695 1666
1121 2633 1287 2695 Bezdetii
1320 2633 1604 2714 praeposituram
1639 2635 1890 2712 condiderunt,

147 2783 338 2856 postquam
366 2772 436 2834 iam
468 2775 547 2834 1633
580 2790 690 2852 opera
712 2771 850 2835 Mariae
873 2773 1002 2834 Annae
1024 2772 1262 2835 Vindobonae
1293 2783 1376 2835 ante
1406 2783 1546 2854 portam
1570 2771 1753 2836 Scoticam
1784 2776 1890 2838 huius

148 2909 438 2993 congregationis
461 2910 713 2973 monasterium
737 2909 964 2973 aedificatum
986 2918 1042 2972 est
1056 2911 1090 2991 2).

278 3048 412 3111 Eadem
436 3058 555 3111 aetate
578 3051 665 3111 ordo
689 3049 724 3111 in
747 3048 877 3111 finibus
901 3049 1039 3130 imperii
1063 3049 1246 3112 Austriaci
1270 3069 1400 3112 novam
1424 3051 1660 3132 propaginam
1684 3061 1885 3133 acceperat.

147 3187 323 3250 Mechitar
355 3191 435 3266 1676
460 3185 648 3250 Sebastiae
677 3185 816 3269 (Siwas)
847 3189 883 3251 in
911 3187 1082 3251 Armenia
1114 3187 1249 3250 minore
1281 3197 1386 3250 natus
1417 3198 1454 3251 et
1490 3192 1570 3268 1696
1602 3189 1807 3252 sacerdotio
1838 3191 1885 3251 in·

148 3325 300 3408 signitus
329 3325 396 3392 hoc
427 3325 496 3388 sibi
522 3334 775 3407 proposuerat,
806 3336 845 3388 ut
876 3335 989 3389 totum
1019 3325 1195 3388 Armeniis
1225 3345 1264 3388 se
1296 3327 1398 3389 daret
1427 3345 1472 3388 ex
1504 3326 1597 3389 tristi
1627 3328 1821 3391 schismate
1852 3339 1883 3389 et

147 3465 350 3548 ignorantia
373 3463 576 3546 eripiendis.
621 3464 760 3528 Iseum
784 3462 946 3547 Galatae,
970 3464 1006 3527 in
1031 3465 1201 3528 suburbio
1224 3466 1379 3546 quodam
1403 3464 1741 3547 Constantinopolis
1767 3467 1884 3547 pueris

147 3603 266 3686 gentis
289 3623 375 3667 suae
399 3603 556 3667 scholam
579 3604 779 3685 aperuisset
812 3603 953 3685 iamque
981 3623 1150 3686 magnam
1173 3603 1208 3665 in
1232 3623 1333 3684 spem
1356 3604 1515 3667 venisset
1543 3603 1658 3667 felicis
1688 3589 1884 3686 successus,

147 3742 318 3806 Avedikii
346 3741 563 3805 schismatici
593 3742 818 3823 patriarchae
851 3742 1024 3805 machinis
1055 3742 1227 3822 expulsus
1259 3744 1305 3804 ad
1328 3743 1489 3804 Venetos
1520 3742 1714 3824 confugere
1744 3745 1884 3817 statuit;

147 3882 194 3942 ab
220 3880 276 3942 his
299 3879 503 3943 Methonem
528 3879 686 3962 (Modon)
710 3881 745 3942 in
768 3880 1020 3962 Peloponneso
1043 3880 1194 3963 accepit.
1240 3881 1326 3943 Eius
1356 3880 1556 3945 institutum
1588 3880 1754 3944 Clemens
1786 3884 1886 3947 XIII.

147 4018 395 4099 comprobavit
418 4017 521 4099 eique
544 4018 748 4100 regularum
772 4019 954 4100 optionem
978 4019 1087 4083 dedit.
1132 4019 1309 4082 Mechitar
1340 4021 1458 4102 legem
1490 4041 1517 4084 s.
1546 4020 1735 4083 Benedicti
1768 4023 1887 4105 elegit,

146 4156 268 4237 itaque
291 4158 405 4218 abbas
429 4156 563 4238 primus
587 4165 623 4220 et
646 4157 809 4220 conditor
836 4157 1128 4240 congregationis
1151 4158 1344 4220 Armeniae
1372 4157 1489 4220 factus
1517 4168 1587 4240 est,
1618 4159 1752 4222 vinculi
1784 4160 1888 4240 illius,

147 4314 217 4376 quo
241 4295 408 4358 occidens
431 4304 468 4358 et
490 4295 608 4358 oriens
631 4295 905 4359 continerentur.
938 4295 1012 4360 Sed
1036 4316 1214 4376 cum1715
1241 4297 1333 4359 inter
1349 4296 1508 4359 Venetos
1524 4297 1732 4378 Turcasque
1756 4299 1889 4361 bellum

147 4444 311 4496 exortum
326 4442 432 4516 esset,
456 4435 633 4499 Mechitar
654 4455 732 4499 cum
749 4435 913 4498 undecim
930 4435 1114 4517 discipulis
1129 4435 1302 4498 Venetias
1318 4436 1473 4498 decessit
1490 4446 1536 4517 et,
1553 4447 1747 4516 postquam
1762 4437 1888 4500 Metho

148 4592 169 4632 a
193 4572 319 4634 Tureis
343 4574 532 4635 devastata
555 4584 620 4655 est,
645 4594 666 4635 a
690 4583 816 4637 senatu
840 4574 981 4637 Veneto
1007 4574 1161 4636 dirutum
1185 4573 1437 4636 monasterium
1462 4593 1488 4637 s.
1513 4574 1636 4636 Lazari
1660 4574 1889 4637 incolendum

149 4711 298 4792 accepit.
344 4711 422 4792 Hic,
447 4732 517 4792 qua
540 4710 728 4793 vigilantia
758 4713 792 4774 in
821 4712 938 4775 officio
970 4733 1034 4776 suo
1067 4713 1191 4794 fuerit,
1225 4722 1413 4793 praestans
1446 4712 1693 4793 interpretatio
1718 4715 1890 4777 Armenia

150 4865 176 4906 s,
201 4847 398 4927 scripturae
426 4854 506 4926 ¹734
531 4849 638 4929 edita,
663 4850 876 4913 documento
898 4860 962 4914 est.
995 4853 1101 4912 Anno
1118 4850 1286 4912 vicesimo
1303 4862 1395 4931 post,
1413 4871 1517 4931 quam
1534 4851 1711 4914 Mechitar
1729 4865 1889 4916 mortuus

151 4993 227 5045 erat
251 4984 345 5064 (ante
370 4985 463 5046 diem
492 4991 538 5048 16.
557 4986 630 5052 Cal.
647 4988 763 5049 Maias
791 4990 895 5068 1749),
921 4987 1143 5070 undeviginti
1168 4988 1433 5050 monachicum
1450 4988 1652 5063 Adeodato,
1677 4990 1737 5069 qui
1762 5003 1889 5072 postea

281 5288 301 5367 ¹)
325 5291 433 5346 Czinar
458 5292 475 5345 l.
500 5310 526 5346 e.
552 5293 573 5347 l.

280 5401 302 5478 2)
320 5403 417 5467 Klein,
432 5402 616 5459 Geschichte
632 5404 686 5462 des
700 5406 941 5461 Christcnthums
958 5407 986 5459 in
1004 5405 1198 5460 Oesterreich
1216 5406 1272 5460 und
1290 5404 1485 5472 Steiermark‚
1503 5406 1561 5460 und
1575 5407 1688 5475 Dudik,
1703 5410 1836 5483 Raigern
1852 5412 1885 5464 ll.
