4034 6262
974 472 1260 542 —168-

247 684 349 749 ravia
380 682 575 766 vigentium
612 679 799 744 continens
831 699 909 742 cum
941 677 1081 740 duobus

250 805 399 870 canticis
421 803 588 869 Russicis
613 803 649 866 in
672 802 830 885 linguam
851 798 1082 864 Bohemicam

249 928 434 993 translatis
451 927 561 1010 (typis
576 925 634 989 Fr.
651 924 700 989 X.
717 922 905 1007 Skamycl,
922 921 1081 1005 Skalicii,

254 1056 345 1116 1868.
362 1055 404 1116 8⁰.
421 1071 455 1133 p.
470 1050 533 1130 62).
550 1047 751 1131 Philologia
767 1045 911 1111 Slavica
927 1045 1081 1108 omnium

249 1173 457 1237 idiomatum
480 1191 622 1253 semper
649 1181 684 1232 et
709 1169 841 1251 ubique
868 1168 1021 1232 maxime
1045 1178 1081 1232 et

250 1295 463 1378 praeprimis
479 1293 512 1357 ei
528 1292 628 1358 cordi
644 1302 708 1356 est.

337 1407 490 1518 Halbil}
520 1454 755 1539 Cyprianus
784 1454 992 1538 Casparus
1020 1455 1081 1535 (de

251 1593 278 1637 s.
306 1573 447 1636 Monte
477 1573 755 1654 Pannoniae),
786 1573 823 1636 in
855 1573 961 1636 Daka
993 1592 1081 1636 com.

249 1693 494 1777 Veszpremin
511 1694 699 1777 Hungaria
720 1694 776 1757 die
794 1699 823 1757 0.
839 1696 903 1758 Iul.
925 1698 1006 1774 1840
1021 1716 1082 1758 na·

250 1826 323 1899 tus,
351 1837 378 1881 s.
401 1816 526 1879 habitu
554 1817 611 1879 die
637 1820 665 1880 8.
690 1815 790 1899 Sept.
820 1822 897 1897 1857
927 1817 1082 1901 indutus,

251 1948 336 2001 vota
369 1938 554 2001 sollemnia
581 1938 638 2001 die
669 1959 716 2001 10.
740 1939 815 2003 Iun.
849 1943 926 2003 1862
957 1940 1081 2003 emisit.

251 2059 439 2123 Absolutis
459 2060 495 2123 in
512 2082 539 2125 s.
555 2071 675 2125 monte
692 2082 718 2124 s.
736 2061 938 2145 theologiae
956 2063 1083 2126 studiis

251 2163 309 2244 die
331 2187 382 2246 81.
399 2182 462 2246 111.
489 2187 569 2261 1864
593 2185 785 2267 presbyter
809 2183 993 2247 ordinatus
1017 2196 1082 2248 est.

251 2302 358 2366 Anno
379 2307 525 2382 ram-5
547 2314 668 2367 orator
682 2325 704 2367 a
719 2305 831 2368 sacris
852 2305 886 2368 in
909 2326 936 2370 s.
953 2318 1083 2390 monte,

255 2429 419 2505 1865-77
434 2424 616 2507 professor
627 2426 769 2509 Iaurini,
790 2432 957 2508 1877—78
972 2429 1083 2493 direc-

249 2558 320 2630 tor,
350 2551 518 2627 1878—79
542 2548 704 2629 superior
728 2549 853 2613 domus
873 2560 909 2614 et
929 2551 1084 2616 director

251 2689 371 2752 gymn.
386 2667 693 2753 Comaromiensis,
710 2690 755 2733 ex
769 2690 812 2733 eo
825 2682 943 2736 autem
956 2672 1082 2737 biblio·

250 2792 378 2854 thecae
396 2802 517 2854 custos
533 2791 568 2854 in
585 2813 612 2856 s.
630 2801 759 2857 monte.

337 2912 487 2975 Praeter
503 2911 638 2977 minora
654 2915 831 2995 quaedam
848 2915 1004 2998 scripsit:

338 3039 360 3094 1.
389 3039 422 3094 ln
456 3041 562 3115 „Nagy
588 3039 684 3116 kepes
711 3040 836 3116 naptar“
870 3038 1080 3120 (calendarium

250 3160 390 3217 magnum
403 3143 584 3218 imaginibus
597 3141 797 3223 illustratum),
810 3147 892 3221 quod
905 3166 983 3205 anno
1001 3147 1079 3222 1877

250 3260 281 3304 et
301 3245 381 3321 1878
398 3247 526 3323 redegit,
543 3249 666 3324 scripsit
681 3251 758 3306 vitas
774 3251 828 3307 Dr.
846 3252 966 3308 Ioannis
978 3253 1081 3322 Zalka,

250 3352 304 3409 Dr.
322 3351 532 3428 Chrysostomi
554 3354 681 3421 Kruesz,
702 3354 879 3411 Colomanni
901 3354 1012 3426 Szabo,
1033 3377 1082 3415 ar·

251 3456 385 3514 chiducis
394 3457 526 3531 losephi,
537 3457 658 3514 loannis
671 3457 800 3534 Zerpaik,
809 3458 972 3517 Alexandri
983 3462 1082 3518 Litze·

251 3579 371 3636 mayer;
400 3560 438 3618 de
465 3559 561 3629 bello,
589 3580 626 3619 ex
649 3564 711 3619 vita
739 3567 886 3620 communi
912 3565 1081 3622 Turcarum

250 3666 377 3743 Europ,
394 3666 432 3722 de
449 3666 565 3742 proelio
579 3668 687 3723 laurin.
701 3686 779 3723 anno
793 3666 883 3742 1809,
900 3670 968 3726 alia.
986 3666 1082 3746 Gydr.

251 3771 359 3829 Gross.
381 3770 460 3846 1877
478 3784 509 3827 01
529 3770 620 3845 1878.
637 3778 680 3845 4⁰.

337 3877 374 3933 II.
391 3872 491 3933 Bensd
508 3876 739 3933 vonatkozaisok
755 3894 773 3932 a
789 3877 914 3952 foldrajz
935 3879 968 3935 es
986 3878 1082 3954 vilag·

250 3982 428 4040 10116101οι11
445 3981 526 4038 11011.
552 3977 626 4059 (1.0.
647 3981 695 4038 De
717 3983 929 4038 coniunctione
950 4001 1083 4058 geogra-

250 4088 339 4164 phiae
363 4101 393 4144 01
415 4084 583 4164 historiae.)
606 4085 641 4142 In
664 4098 767 4162 progr.
792 4087 964 4143 Comarom.
991 4088 1082 4162 1879.

250 4210 280 4269 Ρ·
302 4205 414 4264 1-33·

338 4296 390 4352 III.
415 4294 538 4351 Adatok
561 4294 789 4352 Pannonhalma
811 4294 979 4369 multjahoz.
1005 4290 1083 4373 (1.0.

250 4399 358 4457 Brevis
381 4400 507 4456 historia
531 4401 705 4456 monasterii
728 4418 758 4456 0.
779 4418 804 4455 3.
822 4400 854 4456 Β.
877 4399 959 4456 des.
982 4414 1085 4457 monte

251 4501 444 4583 Pannoniae.)
460 4505 494 4561 In
506 4504 720 4561 schematismo
733 4522 812 4560 mon.
826 4521 884 4579 pro
897 4522 976 4560 anno
994 4503 1083 4563 1880.

251 4606 295 4664 8⁰.
317 4622 376 4664 100
392 4628 422 4684 p.

338 4712 388 4769 IV.
411 4710 524 4788 Sparta
543 4715 688 4788 viszonya
708 4709 807 4787 egytib
823 4718 924 4786 gordg
939 4711 1085 4769 111111011-

252 4814 307 4870 hoz
329 4834 362 4871 az
379 4816 603 4874 Antalkidasrdl
625 4830 764 4873 nevezett
779 4814 858 4873 beke
876 4817 946 4872 1111
963 4817 1085 4892 Epami·

252 4920 366 4977 nondas
384 4922 521 4997 halalaig.
543 4917 572 4998 (i.
587 4940 614 4978 0.
632 4922 680 4977 De
697 4940 742 4989 01,
759 4940 837 4996 quae
855 4924 932 4978 inter
945 4920 1084 4995 Spartam

252 5026 387 5102 aliasque
419 5029 556 5083 civitates
588 5026 725 5083 Graecas
762 5028 934 5083 intercessit
969 5028 1085 5082 ratione

252 5143 323 5205 post
349 5149 454 5204 pacem
481 5130 659 5187 Antalcidae
686 5130 724 5186 ad
749 5144 875 5187 mortem
901 5130 1085 5205 Epaminon-

253 5231 330 5311 dae.)
347 5235 402 5289 Ms.
422 5241 462 5290 2⁰.
482 5250 520 5307 24
538 5254 567 5309 p.

340 5338 374 5394 V.
407 5337 433 5392 A
461 5357 587 5413 magyar
619 5338 706 5394 111111
737 5336 984 5394 111111111111111
1020 5334 1085 5393 idd-

255 5440 366 5512 pontjai
385 5440 634 5516 889—1867·ig,
657 5461 671 5498 s
693 5460 769 5498 azon
786 5438 859 5498 sdbb
877 5441 1084 5509 morzanatok,

1162 679 1281 754 melyek
1296 697 1330 735 az
1346 678 1594 736 allamszerkezet
1610 673 1815 733 modosulasat
1833 675 2008 749 estitit-2,

1162 784 1222 842 11111.
1240 781 1269 863 (i.
1287 803 1314 840 0.
1336 781 1455 853 Quibus
1471 779 1662 857 temporibus
1677 797 1802 855 regnum
1817 778 2008 854 Hungafi

1161 891 1345 946 immutatum
1362 889 1411 955 sit,
1433 899 1464 944 et
1485 903 1564 962 quae
1579 883 1815 943 immutationem
1829 883 2008 958 irretitam,-⁴

1161 1012 1230 1050 num
1247 1007 1277 1050 01
1292 992 1392 1068 legum
1407 986 1585 1067 effecerint.)
1601 989 1659 1046 Ms.
1678 994 1721 1046 2⁰.
1739 1002 1780 1060 24
1795 1006 1824 1064 p.

1247 1100 1507 1177 Hambarian
1538 1112 1785 1196 Eugenius
1812 1110 2007 1196 (Mechj.

1161 1231 1368 1312 tharista),
1390 1229 1564 1314 Smyrnae
1581 1231 1639 1294 die
1657 1236 1709 1294 23.
1726 1230 1814 1313 Apr.
1834 1234 1908 1293 1888
1930 1260 1996 1306 na.

1161 1365 1229 1436 tus,
1245 1351 1407 1416 Viennae
1431 1352 1467 1415 in
1488 1351 1636 1415 Austria
1660 1371 1687 1415 s.
1708 1351 1833 1415 habitu
1854 1373 1879 1416 2.
1892 1352 1984 1425 Nov.

1166 1479 1246 1539 1855
1263 1475 1417 1557 indutus,
1441 1473 1498 1538 die
1516 1478 1565 1538 15.
1583 1474 1689 1538 Mart.
1711 1477 1792 1554 1857
1809 1484 1885 1537 vota
1899 1480 1978 1541 erni·

1162 1599 1208 1661 sit
1236 1608 1272 1662 et
1299 1597 1356 1660 die
1386 1617 1414 1677 7.
1441 1595 1540 1680 Sept.
1572 1601 1654 1677 1859
1682 1609 1898 1660 consecratus
1917 1608 1976 1662 est

1161 1723 1361 1803 presbyter.
1394 1719 1435 1782 In
1462 1718 1678 1782 monasterio
1705 1718 1849 1781 tradidit
1872 1717 1974 1781 indi-

1161 1841 1276 1906 versis
1296 1841 1398 1904 annis
1419 1840 1682 1924 philosophiam
1706 1850 1743 1904 et
1765 1840 1846 1924 ling.
1861 1837 1975 1904 Graec.

1163 1964 1304 2048 (litter.)
1333 1964 1439 2026 Anno
1464 1967 1544 2042 1869
1567 1964 1698 2026 missus
1722 1972 1778 2026 est
1793 1958 1979 2026 Constanti·

1162 2086 1330 2168 nopolim,
1351 2085 1411 2148 ubi
1430 2084 1467 2147 in
1483 2085 1636 2167 collegio
1652 2083 1820 2148 Mechith.
1835 2082 1981 2146 Vindob.

1164 2208 1284 2271 docuit
1318 2207 1528 2271 humaniora
1560 2207 1689 2271 studia.
1730 2204 1870 2269 Biennio
1893 2210 1985 2286 post

1163 2331 1291 2394 missus
1301 2328 1499 2413 Smyrnam,
1511 2331 1616 2392 docet
1625 2330 1672 2391 ad
1681 2327 1988 2392 hodiemumdiem

1162 2455 1288 2517 eadem
1306 2452 1436 2516 studia.

1250 2575 1352 2657 Opus
1376 2575 1452 2637 eius
1475 2574 1512 2636 in
1536 2573 1621 2656 ling.
1643 2572 1863 2636 Neo-armen.
1882 2564 1995 2655 typis

1162 2698 1312 2761 editum:

1250 2825 1272 2880 1·
1298 2823 1328 2899 1
1343 2819 1662 2898 mmmmm
1688 2821 1879 2897 „maa
1898 2813 1925 2897 t-
1968 2824 2001 2862 e·

1161 2930 1300 2986 Praetica
1316 2891 1442 2985 scientia
1458 2927 1610 2994 mercium,
1628 2927 1658 2981 in
1675 2944 1761 2981 usum
1780 2928 2004 2981 mercatorum·

1161 3028 1312 3091 artificum
1343 3044 1374 3088 et
1404 3031 1593 3108 superiorum
1625 3025 1816 3107 scholarum.)
1845 3029 2008 3086 viennae,

1161 3140 1242 3214 typis
1257 3136 1398 3194 Mechith.
1422 3134 1513 3209 1867.

1249 3265 1300 3338 de
1328 3266 1533 3338 Hammer
1557 3272 1785 3356 Cajetanus
1805 3275 1947 3358 (Admo
1962 3277 2008 3324 1¹·

1162 3393 1319 3476 tensis).
1336 3391 1609 3455 Praenobilibus
1625 3389 1769 3456 Graecii
1785 3390 2008 3476 1110111111ε

1162 3526 1267 3580 11113
1284 3536 1331 3580 11.
1341 3515 1435 3599 Aug.
1449 3534 1540 3595 1779,
1554 3513 1684 3578 studiis
1696 3513 1732 3577 in
1744 3516 1830 3578 urbe
1841 3513 2008 3597 paterna

1161 3635 1390 3700 laudabiliter
1416 3635 1590 3698 absolutis
1614 3636 1860 3699 Admontense
1883 3619 2008 3717 petiit

1162 3758 1388 3842 asceterium,
1415 3758 1536 3840 ibique
1562 3759 1725 3842 regulam
1752 3778 1779 3824 s.
1807 3737 2008 3823 Benedicti

1162 3883 1348 3966 professus
1369 3902 1416 3944 11.
1433 3881 1497 3944 Iul.
1519 3884 1611 3963 1802,
1632 3881 1783 3963 primam
1798 3882 1871 3944 Deo
1885 3881 2006 3942 obtu-

1162 4006 1204 4070 lit
1224 4006 1377 4069 hostiam
1403 4026 1450 4069 12.
1468 4002 1568 4087 Sept.
1596 4009 1687 4068 1802.
1711 4004 1841 4068 Varias
1857 3995 1998 4066 theolo-

1163 4128 1244 4211 giae
1259 4128 1467 4209 disciplinas
1481 4147 1560 4190 cum
1573 4125 1609 4189 in
1621 4126 1787 4190 instituto
1799 4118 1988 4189 domestico

1163 4261 1238 4315 tum
1262 4251 1298 4313 in
1322 4271 1351 4314 c.
1374 4271 1401 4313 r.
1427 4249 1521 4313 univ.
1545 4246 1743 4313 Graecensi
1767 4248 1888 4327 docuit,
1906 4254 1977 4306 rec’

1163 4372 1250 4436 toris
1284 4371 1459 4454 dignitate
1495 4372 1676 4454 gaudens,
1713 4381 1750 4434 et
1786 4367 1968 4434 numismate

1164 4514 1272 4558 aureo
1295 4513 1425 4576 magno
1448 4512 1514 4575 pro
1537 4493 1673 4557 meritis
1697 4494 1888 4557 decoratus.
1912 4483 1958 4548 ca-

1164 4618 1325 4680 thedram
1339 4615 1544 4707 relinquens
1556 4616 1602 4677 ad
1615 4635 1738 4678 curam
1750 4604 1955 4678 animarunin

1165 4737 1292 4803 Sausal
1316 4737 1471 4819 transiit,
1493 4748 1529 4799 et
1553 4737 1714 4800 ultimam
1737 4738 1835 4801 vitae
1857 4742 1959 4818 partem

1165 4882 1235 4943 qua
1260 4880 1474 4923 oeconomus
1498 4861 1533 4922 in
1554 4859 1866 4925 Mainhardtsdorf
1881 4868 1964 4921 trans

1165 4983 1249 5066 egit,
1268 4985 1381 5046 donec
1398 4983 1605 5064 pulmonum
1621 4981 1897 5048 inflammatione
1912 4978 1970 5044 ulti·

1164 5126 1257 5168 mum
1275 5106 1364 5168 obiit
1380 5107 1473 5168 diem
1491 5125 1540 5185 ²7·
1558 5105 1645 5168 Maii
1666 5109 1760 5185 1840.

1251 5233 1504 5307 Hauptlehrsatze
1528 5251 1582 5288 aus
1606 5232 1660 5288 der
1681 5233 1794 5301 Moral,
1819 5232 1984 5293 Katechetih

1165 5337 1224 5393 und
1240 5337 1428 5412 Padagogik.
1449 5334 1479 5414 (i.
1497 5355 1523 5394 0.
1541 5338 1711 5412 Ρ1100ορ11
1728 5338 1889 5396 doctrinae
1904 5358 1988 5397 mora·

1166 5442 1211 5508 lis,
1229 5442 1434 5499 catecheticae
1456 5454 1486 5498 et
1506 5440 1763 5519 paedagogicae.)
1792 5442 1886 5501 Graz.
1914 5443 1994 5517 1803.
