4088 6270
719 505 998 575 ,415-

139 713 142 747 1
166 693 232 749 eine
257 690 386 748 ldbliche
410 691 656 766 Plarrgemeinde
677 693 731 748 das
751 694 825 749 Fest

139 797 359 872 hutzpatrones
389 793 517 870 beging‚
549 795 615 851 dem
643 795 823 852 Landvolke

139 919 198 975 gen
215 899 327 956 wurde.
350 898 440 956 1802.

139 1046 337 1121 hmidfeld
370 1058 500 1140 Hugo
533 1058 824 1141 (San-Blasia·

139 1184 214 1237 atus
230 1184 285 1237 est
299 1175 333 1237 in
348 1176 431 1238 divo
440 1177 561 1239 Blasio
574 1177 610 1240 in
620 1178 709 1240 silva
723 1179 825 1261 nigra

139 1316 170 1359 ro
182 1298 315 1359 ducatu
326 1297 483 1360 Badensi
496 1298 554 1361 die
569 1304 615 1362 18.
627 1301 713 1363 Dec.
728 1306 823 1379 17133

139 1439 160 1481 s.
176 1418 366 1481 Benedicti
387 1419 588 1502 adscriptus
609 1441 701 1484 anno
727 1427 823 1501 17313

139 1541 195 1603 tio
211 1541 371 1603 initiatus
384 1542 442 1604 die
456 1563 506 1604 22.
520 1544 607 1606 Dec.
626 1549 716 1622 17311.
737 1545 826 1608 Post

144 1662 312 1745 religiosa
327 1673 413 1726 vota
430 1675 466 1726 et
482 1665 601 1728 studio
623 1667 825 1749 theologiae

139 1804 146 1845 s
175 1785 335 1847 canonici
365 1786 401 1848 in
435 1786 529 1851 univ.
558 1785 825 1870 Salisburgensi

139 1926 176 1988 o,
200 1907 462 1989 philosophiam
486 1909 633 1971 tradidit
656 1909 826 1972 fratribus

145 2028 181 2091 in
197 2029 280 2091 divo
297 2030 429 2111 Blasio,
447 2031 663 2113 theologiam
681 2033 825 2095 tradere

904 687 1043 769 Quietis
1066 707 1153 770 ergo
1176 690 1377 769 captandae
1397 689 1514 771 gratia
1538 689 1633 751 illam
1658 710 1737 751 cum

904 810 1115 872 Beroviensi
1146 819 1348 891 permutare
1376 809 1507 892 iussus,
1537 821 1610 872 tam
1638 831 1737 873 suam

905 952 1010 1013 quarn
1027 932 1229 993 monialium
1252 932 1325 993 ord.
1343 951 1370 993 s
1387 931 1575 994 Benedicti
1592 931 1642 994 ibi
1657 933 1738 995 Deo

905 1053 1143 1134 servientium,
1157 1054 1399 1116 oeconomiam
1412 1054 1556 1136 optimo,
1571 1074 1640 1135 quo
1656 1075 1737 1136 pos-

904 1185 959 1236 set
982 1176 1104 1256 mod0,
1128 1175 1375 1238 administrare
1400 1176 1633 1240 adlaboravit.
1664 1174 1737 1239 Sed

905 1317 983 1359 cum
1011 1297 1080 1358 iam
1108 1298 1406 1379 septuagenarius
1432 1309 1545 1379 esset,
1571 1310 1606 1360 et
1630 1298 1737 1360 variis

905 1419 1064 1500 corporis
1097 1419 1327 1500 languoribus
1362 1418 1529 1501 affectus,
1567 1420 1738 1482 laudabili

906 1560 1051 1622 prorsus
1068 1552 1104 1602 et
1120 1540 1317 1603 imitatione
1335 1540 1545 1623 dignissimo
1562 1545 1737 1625 exemplo,

907 1666 952 1725 ab
974 1665 1107 1725 abbate
1130 1663 1282 1746 gratiam
1308 1662 1413 1744 petiit
1434 1664 1667 1746 obtinuitque,
1690 1674 1737 1746 ut,

906 1785 1040 1848 reiecta
1057 1784 1151 1847 omni
1164 1785 1411 1865 temporalium
1425 1805 1518 1867 cura,
1537 1786 1605 1848 sibi
1621 1787 1686 1849 soli
1703 1794 1739 1848 et

906 1906 985 1969 Deo
1002 1908 1037 1969 in
1049 1908 1129 1969 loco
1142 1926 1266 1969 sacrae
1279 1907 1511 1988 professionis
1523 1909 1644 1971 vivere
1656 1909 1739 1970 lice-

906 2042 970 2094 ret.
996 2030 1146 2092 Biennio
1164 2029 1212 2091 ibi
1229 2050 1364 2092 summo
1386 2030 1514 2092 solatio
1539 2040 1575 2092 et
1602 2029 1738 2092 confra-

139 2150 184 2231 rit,
207 2151 271 2212 sed
288 2150 544 2214 intercurrente
561 2152 703 2214 sinistro
721 2172 827 2216 even·
864 2149 868 2233 1
907 2162 999 2215 trum
1016 2151 1264 2214 aedificatione
1280 2163 1419 2233 exacto,
1432 2151 1486 2212 vir
1500 2152 1665 2213 emeritus
1679 2151 1738 2232 pie

149 2271 268 2334 officio
295 2271 509 2353 professoris
534 2281 688 2355 amotus,
719 2276 827 2354 paulo

139 2393 337 2455 bliothecae
359 2393 571 2475 praeficitur.
597 2393 731 2458 Censor
754 2416 827 2459 mo-

161 2514 375 2576 novitiorum
402 2515 575 2597 magister
602 2517 826 2599 constitutus

139 2637 284 2699 atarium
314 2637 504 2700 litteralem
532 2646 568 2700 et
594 2639 763 2701 moralem
792 2640 827 2701 in

139 2778 153 2818 1
181 2777 208 2819 s.
235 2758 422 2821 Benedicti
448 2760 670 2822 conscribere
699 2761 826 2843 coepit,

139 2900 152 2940 s
169 2889 205 2940 et
222 2879 498 2942 consuetudines
515 2881 727 2963 disciplinae
744 2883 827 2944 Bla-

139 3000 293 3062 inserere
310 3001 506 3081 proposuit,
531 3005 594 3064 sed
619 3022 710 3084 opus
730 3004 827 3067 lucu-

143 3140 256 3203 usque
272 3123 318 3184 ad
334 3121 396 3184 IV.
411 3124 556 3204 regulae
574 3136 683 3205 caput
698 3127 826 3207 perdu-

139 3245 264 3305 rochus
285 3243 320 3304 in
337 3243 512 3324 Todtnau,
538 3245 620 3307 dein
640 3248 827 3328 granarius

139 3364 210 3427 asio
226 3384 296 3427 uno
313 3384 405 3426 anno
420 3375 567 3448 tantum,
584 3367 681 3448 prior
692 3369 727 3430 in
741 3367 827 3432 Sion

139 3486 265 3549 fannis
281 3485 358 3567 fuit,
375 3488 435 3549 ubi
449 3490 494 3549 ob
512 3489 758 3572 impugnatum
774 3492 828 3553 ius

139 3611 156 3670 b
181 3607 463 3688 archipraefecto
484 3609 651 3692 Badensi,
677 3613 828 3693 patricio

139 3731 224 3812 ensi,
252 3730 483 3812 gravissimas
515 3733 696 3795 molestias
724 3736 828 3797 susti-

139 3862 289 3934 tpetrata
302 3854 445 3915 tandem
460 3854 578 3915 multis
594 3855 776 3918 laboribus
792 3870 829 3920 et

138 3975 167 4036 is
186 3974 342 4037 victoria.
368 3974 550 4056 Concepto
573 3977 654 4038 inde
671 3977 739 4039 loci
756 3987 830 4040 tae·

139 4097 260 4158 :ochus
276 4115 355 4157 cum
369 4096 471 4158 titulo
485 4098 782 4162 administratoris
794 4101 829 4162 in

139 4217 267 4299 ringen
285 4218 512 4281 constituitur
529 4232 564 4280 et
580 4232 708 4300 postea
724 4242 829 4304 supe-

150 4338 355 4420 Todtmoos,
380 4339 458 4420 pari
484 4340 616 4421 ubique
640 4343 831 4405 sedulitate

139 4471 226 4524 ectu.
250 4462 337 4524 Inde
362 4464 407 4523 ad
431 4463 680 4544 gravissimum
705 4466 832 4527 decani

139 4584 203 4646 erii
219 4604 245 4646 s.
259 4583 370 4646 Blasii
387 4583 541 4645 officium
558 4596 753 4668 promotus,
770 4607 831 4648 an-

139 4707 215 4787 buS,
232 4687 413 4768 mensibus
426 4706 539 4768 tribus
554 4706 641 4768 illud
654 4707 777 4788 tenuit,
795 4718 831 4769 et

139 4849 167 4891 :o
193 4829 232 4891 P.
257 4829 285 4890 1³
289 4828 422 4890 rowino
449 4829 484 4890 in
513 4827 630 4890 officio
659 4830 831 4892 cellerarii

141 4951 324 5014 successit.
348 4951 436 5012 Post
461 4971 572 5012 annos
597 4971 662 5013 sex
680 4962 715 5013 et
731 4951 831 5013 dimi·

139 5076 273 5135 tborum
290 5083 397 5153 satur,
422 5083 458 5134 et
481 5072 618 5135 infirma
642 5073 712 5135 iam
736 5074 831 5136 vale-

139 5195 413 5277 ¹>raeposituram
425 5195 723 5258 Gurtu'ihlensem
734 5196 831 5277 adiit,

139 5319 277 5401 pitibuS,
295 5340 384 5401 quos
405 5320 606 5382 humaniter
626 5328 661 5380 et
681 5318 833 5380 liberali·

909 2273 998 2337 obiit
1015 2274 1072 2336 die
1093 2277 1140 2336 15.
1158 2273 1247 2354 Apr.
1269 2277 1359 2352 1785.

995 2394 1200 2477 Sequuntur
1221 2395 1297 2456 eius
1317 2394 1461 2456 residua
1483 2394 1737 2474 manuscripta:

994 2523 1016 2578 I.
1034 2520 1175 2596 Systema
1192 2521 1334 2595 generale
1351 2520 1388 2576 de
1405 2534 1488 2576 recte
1506 2520 1738 2577 formandostu-

908 2628 957 2684 dio
986 2629 1127 2682 universo
1155 2627 1327 2682 monasterii
1356 2624 1393 2680 ad
1423 2644 1448 2680 ε.
1477 2625 1615 2681 Blasium.
1649 2639 1737 2698 1743.

908 2733 1085 2789 Continetur
1103 2733 1132 2786 in
1148 2728 1291 2786 Stanislai
1309 2730 1453 2787 Wlilberz
1470 2730 1674 2786 analectorum
1692 2743 1739 2785 to·

908 2855 957 2892 mo
974 2837 1009 2893 V.
1029 2834 1089 2907 264
1106 2854 1136 2910 p.

993 2940 1030 2996 ΙΙ.
1043 2938 1241 3014 Sciagraphia
1254 2939 1377 2994 duarum
1391 2938 1602 3014 philosophiae
1618 2938 1738 2994 eclecti-

908 3064 962 3102 cae
979 3046 1118 3120 partium,
1141 3044 1258 3117 logicae
1275 3057 1366 3118 prout
1382 3045 1518 3118 practica
1534 3056 1588 3109 est,
1614 3055 1643 3097 et
1665 3043 1740 3097 ethi·

909 3168 962 3206 cae
980 3152 1072 3204 totius
1088 3147 1492 3223 philosophico-religiosae:
1513 3146 1588 3203 lbid.
1604 3160 1634 3201 ut
1647 3164 1740 3220 supra

911 3251 972 3310 268
989 3271 1018 3327 p.

995 3356 1049 3411 Ill.
1075 3354 1287 3411 Additamenta
1308 3357 1391 3411 varia
1413 3357 1440 3410 in
1463 3356 1693 3431 explicationem
1715 3375 1739 3412 s.

909 3461 1042 3535 regulae,
1061 3459 1209 3524 tironibus
1223 3462 1343 3516 notitiis
1356 3460 1552 3535 explananda.
1578 3459 1692 3517 Ibidem
1710 3474 1741 3516 ut

910 3583 1003 3640 supra
1021 3579 1081 3637 272
1100 3584 1129 3639 p.

996 3670 1046 3726 IV.
1070 3667 1208 3724 Diatriba
1224 3669 1260 3724 de
1276 3668 1395 3725 duobus
1412 3668 1606 3742 Reginbertis
1628 3683 1657 3724 et
1679 3670 1740 3724 ori·

909 3777 979 3849 gine
995 3775 1168 3830 monasterii
1189 3772 1226 3827 ad
1247 3792 1270 3828 s.
1288 3773 1428 3829 Blasium.
1457 3771 1569 3828 Ibidem
1596 3786 1626 3826 ut
1650 3791 1740 3847 supra

913 3879 974 3952 238
992 3899 1021 3955 p.

996 3985 1032 4041 t'.
1050 3982 1231 4058 Explanatio
1246 3982 1497 4036 monasteriorum
1510 3999 1577 4035 cum
1591 3977 1740 4034 coenobio

911 4088 1028 4162 Augiae
1045 4087 1146 4142 divitis
1163 4084 1460 4160 confoederatorum,
1479 4098 1508 4139 et
1524 4085 1552 4138 in
1570 4084 1741 4138 vetustissi-

911 4213 959 4249 mo
984 4191 1088 4248 codice
1105 4191 1249 4264 Augiensi
1272 4191 1513 4264 conscriptorum
1540 4201 1629 4260 1771.
1655 4187 1742 4261 Opus

911 4298 969 4353 hoc
986 4298 1085 4370 magni
1102 4292 1215 4350 laboris
1232 4307 1262 4348 et
1279 4292 1431 4367 multiplici
1454 4290 1621 4348 eruditione
1646 4288 1741 4346 reler-

912 4416 972 4457 tum
998 4399 1120 4456 exhibet
1145 4398 1389 4454 commentarium
1412 4397 1584 4451 continuum
1609 4397 1638 4450 in
1662 4394 1742 4450 cele·

912 4504 1028 4561 bratum
1050 4504 1169 4577 Augiae
1194 4503 1294 4557 divitis
1319 4500 1540 4574 necrologium;
1565 4500 1743 4556 adservatur

869 4682 872 4691 1
912 4612 940 4665 in
957 4608 1082 4664 archivo
1099 4605 1345 4664 Caroloruhensi.

998 4712 1049 4768 VI.
1073 4712 1151 4767 Acta
1172 4711 1324 4766 Murensia
1348 4711 1483 4783 integrae
1505 4708 1572 4764 fidei
1595 4709 1742 4774 restituta,

912 4819 975 4873 sire
992 4829 1080 4890 gesta
1094 4829 1123 4871 et
1136 4813 1271 4870 fundatio
1291 4814 1463 4869 monasterii
1476 4813 1625 4868 hlurensis
1638 4830 1654 4866 e
1668 4813 1742 4867 scri·

912 4923 968 4977 niis
997 4921 1170 4976 monasterii
1196 4916 1372 4992 Engelberg
1396 4916 1513 4973 educta.
1548 4929 1637 4989 1773.
1674 4914 1742 4969 Duo

912 5027 1063 5082 volumina
1075 5022 1115 5103 (in
1130 5021 1223 5100 solio),
1241 5041 1367 5096 quorum
1381 5023 1403 5077 1.
1423 5036 1479 5095 137
1494 5021 1575 5087 folia,
1592 5021 1629 5075 ll.
1643 5034 1742 5074 autem

915 5145 974 5203 207
993 5148 1063 5205 pag.
1077 5131 1220 5191 continet,
1237 5141 1267 5183 et
1279 5127 1477 5182 adservantur
1490 5128 1517 5181 in
1531 5125 1655 5180 archivo
1666 5122 1743 5178 San·

914 5234 1046 5291 Paulano
1063 5234 1118 5289 No.
1139 5231 1186 5304 71).

1000 5338 1024 5394 V
1028 5338 1065 5393 II.
1079 5337 1175 5392 Gesta
1188 5351 1218 5392 et
1227 5334 1361 5390 fundatio
1371 5333 1544 5389 monasterii
1554 5332 1704 5386 Murensis
1714 5332 1742 5384 in

140 5452 282 5523 eperat,
304 5442 448 5505 nimium
465 5442 670 5523 frequenter
687 5440 831 5502 invisus
871 5430 874 5516 1
915 5461 996 5518 pago
1013 5442 1145 5516 Argotre
1162 5460 1179 5495 a
1196 5437 1355 5497 comitibus
1368 5433 1656 5493 Vindonissensibus
1669 5453 1743 5490 nun·
