4034 6262
850 523 892 533 -
937 484 1094 547 XXXII
1140 523 1180 532 -
1235 526 1241 535 -

143 713 409 794 Tuschkaviae,
442 732 548 793 quam
575 716 656 790 1384
679 733 701 774 a
724 712 868 774 domino
892 712 1046 793 quodam
1070 712 1115 772 de
1140 711 1366 775 Schwihavia
1389 722 1581 792 acceperat
1595 712 1629 792 ¹),
1658 730 1753 774 nova
1777 712 1885 774 domi-

144 851 225 913 cilia
248 851 441 914 constituit.
481 850 738 932 Opatrovicum
765 850 919 912 maxime
947 850 982 911 in
1006 846 1135 912 Silesia
1158 851 1307 912 colenda
1330 853 1558 921 versabatur;
1592 850 1641 912 ibi
1665 848 1884 913 Grissaviam

144 989 427 1071 praeposituram
459 988 608 1070 creavit,
641 1009 662 1050 a
693 987 844 1052 Silesiae
876 990 965 1051 duce
994 988 1166 1068 Henrico,
1196 986 1270 1051 filio
1302 1008 1330 1053 s.
1358 988 1559 1071 Hedwigis,
1595 1009 1677 1067 1240
1705 990 1884 1052 conditam

144 1137 180 1190 et
210 1127 486 1190 Neumarckium
517 1149 538 1190 a
569 1148 595 1190 s.
627 1127 803 1210 Hedwige
839 1148 920 1205 1244
951 1126 1092 1190 circiter
1122 1138 1358 1208 exstructum,
1390 1138 1498 1208 atque
1525 1127 1809 1209 Wahlstadium,
1842 1131 1884 1190 ab

144 1269 270 1330 eadem
299 1280 423 1330 sancta
450 1266 611 1347 principe
640 1268 765 1329 eodem
792 1268 870 1328 loco
898 1265 1138 1348 aedificatum,
1171 1285 1241 1348 quo
1267 1266 1444 1328 Henricus
1474 1264 1567 1328 filius
1593 1265 1737 1329 fortiter
1763 1277 1883 1329 contra

144 1404 335 1486 Mongolos
359 1404 531 1466 dimicans
559 1404 737 1467 ceciderat
751 1406 786 1483 ²).
829 1405 870 1467 In
898 1404 1071 1467 Bohemia
1097 1407 1165 1468 hoc
1191 1404 1383 1487 impigrum
1411 1414 1447 1466 et
1474 1405 1681 1485 opulentum
1709 1416 1883 1467 monaste·

144 1543 234 1606 rium
251 1543 445 1623 Albipolim
463 1543 696 1623 (Hohenelbe)
714 1555 750 1605 et
766 1543 957 1605 Baszinum
977 1544 1245 1625 praeposituras
1262 1543 1422 1606 condidit
1435 1544 1470 1623 ³).
1500 1543 1767 1626 Wilemovium,
1792 1546 1883 1624 quod

149 1688 229 1762 1278
253 1702 323 1745 non
347 1681 461 1743 minus
489 1685 549 1743 180
571 1683 734 1745 monachi
757 1682 947 1745 incoluisse
971 1684 1154 1762 dicuntur,
1188 1683 1248 1763 qui
1278 1682 1533 1745 monasterium
1565 1703 1586 1744 a
1614 1682 1788 1745 militibus
1810 1684 1883 1746 Ru-

145 1820 265 1902 dolphi
289 1819 582 1900 Habsburgensis
606 1818 858 1901 defendebant,
882 1819 1080 1883 Uhercicae
1102 1820 1139 1881 in
1162 1820 1325 1882 Moravia
1349 1826 1432 1899 1430
1454 1822 1743 1902 praeposituram
1767 1823 1882 1884 condi·

145 1961 246 2021 derat
254 1960 289 2037 ⁴).
328 1958 509 2020 Abbatiae
526 1957 767 2020 Podlacicium
783 1977 826 2020 ac
843 1977 869 2019 s.
887 1957 1054 2039 Procopii
1069 1958 1116 2019 ad
1133 1956 1317 2021 Sazawam
1335 1978 1414 2021 cum
1431 1960 1682 2040 praepositura
1698 1960 1883 2041 Zberovio

145 2120 171 2160 s.
197 2098 320 2160 Ioanni
343 2097 532 2178 Baptistae
556 2097 737 2177 dedicata,
769 2106 805 2158 et
830 2095 1034 2160 Ostrovium
1060 2116 1274 2178 quamquam
1304 2099 1350 2159 ab
1378 2097 1437 2178 iis,
1471 2116 1563 2177 quae
1590 2116 1700 2178 supra
1728 2099 1882 2160 nomina·

144 2236 268 2316 vimus,
293 2234 517 2298 monasteriis
541 2236 835 2314 obscurabantur,
860 2244 978 2296 tamen
1002 2232 1120 2296 officio
1144 2253 1208 2296 suo
1232 2254 1302 2297 non
1326 2236 1486 2297 deerant.
1518 2234 1635 2297 Etiam
1659 2237 1771 2298 Porta
1788 2236 1883 2317 Apo·

144 2376 312 2437 stolorum
329 2374 487 2461 colonias
504 2373 663 2435 deduxit.
696 2375 755 2435 Ab
771 2375 838 2435 hoc
855 2372 1080 2454 monasteri0,
1098 2374 1192 2453 quod
1208 2374 1289 2454 plus
1306 2384 1448 2436 centum
1465 2375 1627 2436 monachi
1644 2376 1711 2437 sub
1729 2375 1884 2457 egregiis

144 2514 334 2576 abbatibus
351 2512 534 2575 Zbinkone
552 2514 790 2593 (1341-1350)
809 2523 845 2574 et
861 2512 1029 2574 Buskone
1054 2514 1162 2592 (1373)
1186 2512 1400 2594 incolebant,
1425 2513 1604 2576 conditum
1630 2524 1686 2576 est
1707 2500 1883 2593 Zatecum,

144 2674 169 2714 s.
195 2651 409 2716 Catharinae
432 2651 635 2714 dedicatum
660 2650 779 2734 (Saatz
804 2650 899 2732 quod
922 2650 1028 2712 hodie
1053 2651 1197 2732 dicunt),
1222 2649 1469 2714 Claustrellum
1494 2653 1761 2735 praepositura,
1795 2673 1885 2735 quae

145 2791 214 2852 iam
243 2811 321 2869 ¹277
347 2793 394 2852 ab
418 2789 590 2853 Ottocaro
614 2790 657 2852 II.
691 2790 862 2852 dissoluta
892 2798 964 2869 est,
997 2786 1096 2850 Cella
1124 2789 1250 2851 ianuae
1278 2789 1375 2852 vitae
1407 2808 1520 2871 prope
1543 2790 1702 2852 Montem
1727 2793 1886 2873 Aposto-

144 2932 267 3010 lorum,
292 2949 384 3011 quae
408 2949 500 2992 nunc
523 2929 772 2991 Weberschau
795 2937 851 2990 est
865 2928 900 3009 ⁵).
944 2927 1001 2989 Ex
1023 2927 1238 2990 monasterio
1262 2928 1417 3009 denique
1441 2946 1468 2993 s.
1492 2929 1634 2992 Ioannis
1659 2929 1886 2993 Ostroviensi

145 3068 353 3149 prodierunt
376 3067 540 3148 Vilidum,
565 3065 781 3147 Schlanium,
805 3066 926 3147 Zatou,
951 3065 1192 3128 Teschlinium
1214 3067 1486 3148 praepositurae
1501 3067 1536 3148 ⁶).

274 3206 400 3288 Neque
428 3207 544 3269 minus
568 3205 783 3269 monasteria
805 3206 989 3269 Moraviae
1021 3225 1101 3268 cum
1128 3206 1301 3268 Bohemia
1334 3205 1508 3269 artissime
1539 3206 1728 3269 coniuncta
1759 3209 1888 3272 honori

145 3345 279 3408 ordinis
310 3347 513 3408 studebant.
559 3346 593 3407 A
618 3345 770 3407 Trebico
798 3344 1045 3427 Wolleinium,
1077 3344 1386 3427 Kumrowitzium,
1418 3344 1582 3407 Brisavia
1611 3347 1888 3426 praepositurae

146 3485 310 3547 conditae
334 3494 416 3546 sunt
440 3494 475 3547 et
499 3485 544 3546 ad
568 3483 775 3546 Kloesterle
798 3502 911 3565 prope
935 3481 1147 3566 Schiinberg
1170 3503 1263 3546 nova
1287 3483 1421 3545 ordinis
1446 3484 1550 3545 sedes
1573 3493 1700 3565 parata
1724 3496 1784 3549 est
1798 3487 1834 3566 ⁷).

273 3623 392 3685 Prima
414 3642 500 3686 vero
523 3632 627 3703 parte
650 3622 782 3685 saeculi
800 3621 927 3684 decimi
943 3622 1061 3703 quarti
1084 3641 1155 3684 non
1172 3622 1286 3685 minus
1302 3622 1337 3683 in
1353 3621 1537 3703 Bohemia,
1554 3621 1726 3704 Moravia,
1746 3622 1888 3706 Silesia,

145 3782 251 3843 quam
274 3763 309 3825 in
332 3761 477 3843 reliquis
500 3761 639 3843 imperii
663 3761 845 3824 Austriaci
868 3761 1031 3842 partibus
1055 3781 1135 3824 cum
1158 3781 1205 3824 ex
1228 3761 1442 3856 turbulentis
1467 3761 1689 3842 temporibus
1713 3774 1792 3825 111111
1818 3784 1887 3826 ma·

143 3900 240 3962 xime
257 3920 302 3963 ex
318 3901 484 3983 neglecta
500 3901 582 3982 lege
597 3900 821 3982 paupertatis
845 3899 1055 3981 disciplinae
1078 3901 1253 3964 severitas
1269 3901 1436 3981 resoluta,
1459 3910 1495 3962 et
1515 3899 1616 3962 nervi
1632 3901 1770 3963 ordinis
1787 3903 1887 3965 incisi

144 4050 236 4102 sunt.
267 4039 400 4102 Verum
417 4058 459 4100 eo
479 4057 622 4119 quoque
638 4038 850 4119 providente
866 4039 952 4101 sede
968 4039 1169 4120 apostolica
1189 4039 1337 4121 spiritus
1359 4060 1406 4103 ss.
1422 4038 1541 4101 Patris
1556 4039 1673 4102 rediit.
1704 4041 1791 4135 Iam·
1802 4041 1888 4105 Gre-

145 4176 266 4256 gorius
282 4176 348 4239 IX.
378 4181 457 4239 1235
477 4176 602 4239 abbati
618 4176 877 4238 Btevnoviensi
898 4187 935 4239 et
951 4175 1198 4240 Cladrubiensi
1222 4177 1470 4260 imperaverat,
1495 4187 1534 4240 ut
1550 4196 1674 4240 omnes
1691 4178 1889 4244 Bohemiae

144 4314 294 4376 abbates
317 4316 363 4377 ad
387 4315 581 4396 capitulum
606 4314 740 4377 ordinis
762 4323 1011 4377 convocarent.
1050 4315 1150 4378 Idem
1181 4315 1411 4377 Innocentius
1436 4315 1497 4377 lV.
1532 4320 1613 4392 1246
1644 4317 1843 4398 imperavit
1858 4318 1892 4399 1).

274 4637 566 4715 ἺΜΜ1οΠ

273 4747 295 4826 2)
320 4751 431 4818 Dudk,
457 4753 601 4827 Raigern‚
625 4752 648 4808 Ι.

275 4861 297 4941 3)
321 4864 412 4919 Frind
437 4864 455 4921 l.
481 4885 507 4921 c.
531 4865 568 4920 ΙΙ.

275 4974 297 5052 4)
321 4978 412 5032 Frind
438 4979 454 5033 l.
481 4997 506 5033 c.
532 4979 570 5033 ll.

273 5088 295 5165 ⁵)
319 5088 409 5144 Frind
435 5089 452 5145 l.
478 5109 504 5145 c.
530 5090 566 5144 Il.

274 5195 295 5276 0)
320 5199 530 5272 Ziegelbauer‚
555 5200 693 5254 Historia
717 5199 889 5255 monasterii
914 5198 1064 5254 Bievnov.

275 5308 297 5388 7)
322 5311 431 5373 Dudik,
457 5312 590 5384 Raigern
616 5311 633 5365 l.
658 5330 684 5365 c.

275 5416 298 5500 ὃ)
323 5422 496 5477 Chronicon
520 5424 756 5477 liternoviense.
