4034 6262
656 514 943 583 ,293..

124 697 255 754 chischen
279 697 413 755 Blattern
440 699 486 756 ltlr
508 700 675 756 Litteratur
700 700 761 757 und

127 816 175 873 44.
190 801 226 858 Il.
244 801 381 871 Quartal.
398 804 453 861 N0.
472 818 500 860 2.

124 922 235 980 achlass
252 924 306 980 der
322 923 482 982 Gebrfider
498 927 574 983 Pez.¹
588 923 617 1004 (i.
635 945 661 983 e.
679 926 761 984 Reli·

124 1046 165 1083 um
186 1026 363 1108 Peziorum.)
387 1030 421 1086 In
444 1031 631 1106 Hormayers
646 1030 760 1088 Archiv

124 1129 202 1189 1828.

124 1253 136 1292 e
156 1236 290 1293 Freslren
312 1239 342 1293 in
363 1236 420 1294 den
442 1237 585 1295 Arkaden
609 1239 663 1296 des
684 1238 761 1296 Hof-

136 1341 285 1398 Mdnchen
306 1359 366 1398 von
386 1342 427 1398 M.
444 1342 484 1399 M.
506 1339 535 1420 (i.
561 1361 587 1400 e.
612 1344 761 1418 Imagines

132 1445 324 1503 Monacensis
347 1448 375 1502 in
391 1446 479 1504 aulici
495 1449 624 1505 tectorio
639 1445 762 1527 pictae.)

124 1548 184 1622 171.

124 1672 253 1729 ltunden
273 1672 327 1731 des
342 1673 761 1732 PramonstratenserStiltes

123 1796 140 1834 e.
165 1777 355 1834 Documenta
379 1781 524 1835 canoniae
546 1775 760 1857 Gerusiensis.)

124 1888 156 1936 fir
165 1881 273 1939 Xunde
286 1883 555 1939 bsterreichischer
564 1882 761 1940 Geschichts-

123 2004 178 2060 trg.
201 1982 291 2059 1849.
314 1985 439 2042 1.Helt.

124 2121 173 2164 cta
185 2126 209 2164 s.
221 2108 337 2178 Quirini
347 2109 498 2184 Martyris.
512 2109 587 2166 Loc.
598 2111 647 2166 cit.
656 2110 760 2186 Jahrg.

123 2212 152 2268 d.
174 2227 199 2268 1.
217 2212 276 2268 und
295 2228 323 2269 2.
341 2212 423 2269 Helt.

124 2334 266 2391 Ireizehn
283 2334 445 2391 Urkunden
463 2333 537 2391 dher
552 2334 600 2391 die
613 2334 762 2411 Verplan·

124 2441 150 2494 lt.
168 2437 276 2495 Pblten
292 2438 352 2495 und
368 2438 507 2495 Mautern
527 2457 564 2495 an
586 2439 644 2495 den
660 2440 762 2514 Konig

124 2543 236 2610 rvinus‚
263 2542 354 2615 1481,
380 2541 468 2600 nebst
490 2545 610 2618 einigen
631 2543 763 2601 anderen

124 2667 169 2704 :ur
190 2646 374 2704 Geschichte
398 2646 452 2704 der
474 2646 562 2705 Stadt
582 2646 627 2705 St.
645 2649 760 2706 Pblten.

124 2752 185 2808 :cim
207 2751 388 2808 documenta
409 2752 447 2809 de
469 2754 680 2829 pignoratione
702 2752 761 2810 lani

124 2858 139 2912 :i
167 2858 233 2930 regi
257 2857 387 2912 Mathiae
412 2857 547 2913 Corvino
574 2855 667 2925 lacta,
695 2876 762 2914 cum

124 2963 225 3017 nentis
241 2960 279 3017 ad
298 2962 454 3018 historiam
471 2960 530 3017 Iani
544 2981 568 3018 s.
583 2958 762 3040 Hippolyti.)

124 3065 196 3140 ¹hrg.
219 3064 309 3138 1851.
326 3065 349 3121 I.
366 3064 419 3121 Bd.
436 3080 466 3137 3.
484 3065 543 3122 und
559 3081 589 3138 4.
607 3065 689 3122 Hel.

124 3186 292 3262 picilegium
315 3204 376 3242 von
401 3186 564 3244 Urkunden
589 3187 643 3243 der
666 3193 763 3243 oster·

137 3290 354 3364 Babenberger
370 3291 508 3347 Fiirsten.
533 3288 562 3369 (i.
586 3310 612 3347 e.
635 3289 763 3367 Spicile-

124 3408 289 3451 mentorum
318 3397 486 3471 principum
516 3396 620 3471 stirpis
647 3394 764 3452 Baben·

124 3518 189 3556 ,oo
207 3500 257 3556 cit.
275 3499 341 3555 XII.
359 3499 412 3556 Bd.

124 3620 222 3677 idatio
232 3623 404 3678 monasterii
415 3624 444 3677 in
453 3621 666 3690 Walderbach,
677 3621 766 3679 nebst

124 3744 220 3800 ingen
245 3723 320 3782 tiber
341 3726 390 3782 die
410 3727 534 3783 Familie
555 3726 609 3783 der
629 3727 765 3801 Regens·

124 3829 258 3907 ggralen
282 3849 342 3887 von
363 3828 529 3905 Stevening
554 3831 612 3887 und
635 3831 766 3888 Rieden·

142 3935 292 3992 Fundatio
310 3938 483 3992 monasterii
501 3934 768 3992 Walderbacensis

124 4042 244 4098 ‘omcnis
261 4041 298 4097 de
315 4039 425 4097 familia
441 4040 694 4116 burggraviorum
709 4041 768 4096 Ra-

124 4165 151 4201 m
168 4145 206 4202 de
223 4144 390 4220 Stevening
406 4159 436 4202 et
453 4143 670 4224 Riedenburg.)
688 4146 764 4203 Loc.

124 4250 142 4308 l.

124 4375 214 4447 :inige
238 4358 468 4446 Bemerhungen
496 4371 570 4429 tiber
593 4373 641 4429 die
664 4371 770 4430 Stiiter

124 4490 242 4534 stetten.
260 4473 289 4554 (i.
304 4495 330 4533 e.
344 4477 565 4532 Commentaria
578 4478 719 4534 nonnulla
731 4478 768 4534 de

123 4600 146 4637 rs
175 4583 348 4638 monasterii
375 4579 665 4660 Seitenstadiensis.)
692 4583 767 4638 Loc.

124 4686 157 4742 td.

124 4805 261 4865 'eberdie
271 4805 534 4864 Verwandtschalt
543 4807 597 4864 der
605 4807 769 4865 deutschen

123 4914 144 4968 it
160 4911 214 4968 der
231 4911 437 4967 lateinischen.
462 4908 492 4989 (i.
510 4929 536 4966 e.
559 4912 605 4967 De
626 4910 770 4968 affinitate

126 5018 276 5072 rmanicae
294 5034 360 5071 cum
374 5011 504 5093 Latina.)
521 5014 563 5070 Im
575 5015 771 5090 Programme

126 5119 389 5195 bergymnasiums
401 5139 437 5175 zu
450 5119 541 5175 Melk.
563 5119 653 5192 1851.
671 5119 771 5186 wien,

124 5225 246 5298 weiger.
263 5229 307 5297 4⁰.

124 5343 248 5403 Scholia
259 5348 289 5401 in
303 5345 407 5415 Quinti
420 5346 538 5401 Horatii
552 5345 653 5402 Flacci
668 5362 772 5420 opera.

126 5491 133 5505 .
150 5456 191 5523 40.

927 704 1008 761 XIV.
1022 703 1123 762 Ueber
1135 706 1183 763 die
1194 707 1369 765 heidnische
1378 709 1509 766 Lecture
1523 711 1552 765 in
1562 709 1671 767 christ·

841 805 937 864 lichen
953 803 1095 865 Schulen.
1119 807 1149 887 (i.
1171 829 1196 866 e.
1219 811 1266 867 De
1287 812 1416 869 lectione
1437 813 1624 870 ethnicorum
1641 816 1670 869 in

841 910 954 967 scholis
966 912 1159 991 christianis.)
1172 913 1318 972 Defensio
1331 916 1474 973 eiusdem.
1492 916 1670 974 OhneTitel

841 1014 899 1070 und
916 1015 1030 1071 Namen
1047 1014 1101 1073 des
1118 1016 1305 1076 Verlassers.
1324 1019 1399 1078 Ibid.
1421 1019 1511 1093 1853.

927 1120 992 1176 XV.
1010 1117 1213 1179 Streillichter
1224 1124 1278 1179 auf
1287 1123 1335 1180 die
1348 1120 1532 1182 Geschichte
1544 1125 1671 1182 Oester-

841 1222 941 1279 reichs
963 1240 1023 1279 von
1047 1223 1101 1281 der
1121 1226 1422 1303 Volkerwanderung
1447 1228 1494 1286 bis
1520 1228 1590 1285 Carl
1614 1228 1671 1285 den

842 1325 989 1384 Grossen.
1014 1325 1043 1406 (i.
1065 1347 1091 1385 e.
1119 1329 1273 1388 Excursus
1295 1333 1430 1390 historici
1454 1346 1672 1392 concernentes

841 1430 983 1488 Austriae
1004 1432 1160 1491 historiam
1181 1453 1200 1491 a
1220 1438 1353 1510 gentium
1375 1436 1671 1513 peregrinationibus

842 1553 937 1611 usque
955 1536 992 1593 ad
1009 1538 1149 1595 Carolum
1167 1538 1328 1618 magnum.)
1346 1541 1368 1597 l.
1381 1540 1473 1598 Abth.
1487 1540 1557 1599 ibid.
1571 1542 1671 1607 wien,

846 1638 936 1713 1854,
961 1641 1095 1699 Pichlers
1111 1642 1223 1700 Witwe
1244 1644 1303 1701 und
1324 1643 1417 1702 Sohn.
1439 1646 1477 1703 11.
1493 1644 1584 1702 Abth.
1601 1644 1671 1701 ibid.

845 1741 936 1817 1855.
954 1746 1007 1802 111.
1024 1746 1116 1804 Abth.
1134 1745 1205 1804 ibid.
1227 1747 1317 1822 1857.
1335 1755 1377 1822 4⁰.

927 1849 1007 1907 XVI.
1033 1850 1136 1907 Fluss·
1153 1852 1212 1908 und
1230 1853 1423 1919 Ortsnamen‚
1446 1856 1493 1911 cin
1514 1854 1673 1928 wichtiger

841 1950 929 2008 Theil
954 1953 1008 2010 des
1034 1954 1375 2014 Geschichtsstudiums.
1401 1955 1430 2036 (i.
1451 1978 1477 2015 e.
1499 1958 1671 2014 Fluviorum

842 2067 872 2111 et
888 2055 1023 2114 locorum
1045 2061 1174 2128 nomina,
1196 2078 1325 2135 magnae
1349 2064 1377 2118 in
1403 2062 1502 2118 studio
1526 2062 1673 2118 historico

841 2163 1032 2219 auctoritatis
1060 2139 1153 2242 pars.)
1180 2162 1255 2221 Ibid.
1285 2163 1375 2238 1856.
1404 2163 1508 2233 wien,
1538 2164 1673 2222 Pichlers

842 2265 954 2323 Witwe
971 2266 1031 2323 und
1047 2265 1141 2324 Sohn.
1159 2274 1201 2340 40.

927 2371 1023 2428 XVII.
1041 2372 1148 2447 Einige
1157 2374 1340 2448 Fragmente
1349 2373 1403 2431 des
1413 2374 1574 2450 Euripides
1585 2373 1673 2430 tiber·

841 2486 927 2531 setzt.
949 2471 979 2554 (i.
998 2493 1024 2531 e.
1043 2475 1199 2545 Quaedam
1215 2454 1554 2554 Euripidisiragmenta
1575 2479 1603 2534 in
1620 2477 1674 2533 lin·

841 2597 931 2653 guam
953 2581 1143 2637 vernaculam
1167 2579 1332 2662 translata.)
1356 2581 1431 2640 lbid.
1458 2580 1548 2655 1858.
1573 2580 1673 2648 Wien,

841 2683 975 2741 Pichlers
991 2685 1102 2741 Witwe
1119 2685 1178 2742 und
1194 2684 1287 2743 Sohn.
1304 2693 1347 2759 4⁰.

929 2789 1038 2846 XVIII.
1067 2790 1168 2847 Multis
1193 2793 1278 2848 annis
1301 2795 1330 2848 in
1354 2789 1539 2849 elaborando
1567 2794 1671 2848 maiori

843 2892 973 2968 quodam
986 2911 1081 2970 opere
1094 2894 1261 2962 desudavit,
1279 2915 1339 2972 quo
1353 2898 1521 2973 principum
1535 2897 1673 2954 Austria-

843 3014 945 3053 corum
970 3016 987 3054 e
1010 3000 1105 3075 stirpe
1122 2997 1351 3075 babenbergica
1371 3001 1565 3058 oriundorum
1582 3016 1674 3058 stem·

843 3114 923 3157 mata
936 3119 1046 3177 resque
1059 3116 1172 3177 gestas,
1186 3104 1397 3162 inlustraturus
1410 3118 1484 3174 erat,
1499 3107 1583 3162 cuius
1599 3124 1674 3181 ope-

843 3205 885 3261 ris
901 3203 1069 3280 fragmenta
1090 3209 1216 3274 nonnisi,
1240 3208 1481 3285 indigestamque
1503 3212 1672 3267 notitiarum

844 3309 951 3366 molem
973 3313 1150 3386 reperimus.
1174 3331 1253 3387 quae
1274 3315 1374 3370 omnia
1394 3316 1423 3370 in
1439 3314 1562 3371 archivo
1579 3314 1675 3370 Melli-

845 3416 928 3471 censi
945 3415 1155 3472 adservantur.

931 3519 1012 3575 XIX.
1035 3518 1173 3576 Gaufridi
1189 3520 1227 3578 de
1243 3522 1321 3579 Vino
1338 3520 1431 3578 Salvo
1448 3523 1568 3579 Poetria
1585 3539 1674 3578 nova.

846 3623 920 3681 Cum
936 3624 1191 3683 adnotationibus.
1208 3626 1293 3683 Folia
1310 3640 1362 3700 47.
1384 3633 1426 3698 40.
1447 3626 1504 3682 Ms.
1522 3629 1550 3682 in
1566 3625 1676 3683 biblio-

846 3728 935 3784 theca
950 3728 1127 3786 Mellicensi.

932 3833 998 3889 XX.
1016 3833 1134 3890 Alcuini
1151 3834 1290 3910 dialogus
1306 3834 1343 3891 de
1360 3835 1512 3891 rhetorica
1534 3850 1563 3891 et
1583 3836 1676 3890 virtu-

847 3935 936 3994 tibus.
961 3952 1000 4011 29
1024 3937 1138 4011 10140.
1163 3940 1218 3995 Ms.
1242 3941 1271 3995 in
1294 3938 1478 3996 bibliotheca
1502 3937 1676 3995 Mellicensi.

934 4041 1015 4098 XXI.
1028 4042 1326 4100 IohannisCarlandii
1336 4041 1578 4118 Synonymorum
1590 4060 1677 4117 opus.

848 4145 914 4202 Fol.
937 4143 983 4202 16.
1001 4153 1043 4218 40.
1061 4147 1093 4202 In
1110 4145 1294 4204 bibliotheca
1310 4148 1485 4205 Mellicensi.
1502 4147 1558 4203 Ms.

936 4251 1032 4307 XXII.
1046 4251 1194 4326 Dialogus
1208 4271 1300 4328 super
1311 4266 1453 4309 auctores
1469 4250 1627 4308 confectus
1641 4270 1679 4308 ex

848 4372 981 4431 persona
998 4357 1132 4429 magistri
1149 4370 1180 4412 et
1194 4355 1344 4431 discipuli.
1369 4370 1410 4428 34
1434 4355 1485 4413 Iol.
1510 4362 1553 4428 4⁰.
1578 4357 1611 4412 ln
1633 4355 1679 4414 bi·

848 4456 1001 4516 bliothcca
1017 4459 1190 4516 Mellicensi.
1207 4461 1263 4516 Ms.

935 4564 1046 4620 XXIII.
1072 4563 1240 4622 Eberhardi
1262 4565 1374 4622 Artesii
1397 4563 1611 4640 Labyrinthus.
1638 4580 1680 4639 40

849 4667 900 4724 lol.
917 4674 961 4741 4⁰.
979 4670 1013 4725 In
1028 4667 1213 4726 bibliotheca
1230 4670 1405 4727 Mellicensi.

937 4833 1247 4929 Maerarolus
1261 4845 1679 4927 (Mariaemontanus),

850 4970 955 5023 natus
965 4960 999 5023 in
1008 4981 1105 5045 pago
1114 4962 1211 5026 Tirol
1220 4982 1332 5045 prope
1342 4962 1527 5025 Meranum
1539 4961 1679 5024 2.Mart.

856 5101 946 5164 1774,
956 5083 1083 5147 studiis
1095 5102 1257 5167 gymnas.
1268 5083 1415 5165 Metam,
1426 5082 1681 5164 philosophicis

852 5202 1044 5287 Oeniponti
1061 5204 1234 5269 absolutis
1247 5205 1510 5288 susceptionem
1527 5207 1572 5267 ad
1589 5205 1681 5266 ordi-

852 5345 932 5388 nem
948 5327 1062 5408 petiit.
1087 5325 1123 5392 S.
1140 5336 1241 5391 veste
1259 5349 1309 5407 ²9·
1323 5325 1423 5409 Sept.
1440 5345 1517 5406 1797
1537 5327 1681 5388 indutus

853 5456 917 5528 est,
941 5461 1026 5511 vota
1050 5448 1234 5513 sollemnia
1256 5453 1308 5512 30.
1325 5447 1425 5531 Sept.
1450 5453 1530 5528 1798
1555 5446 1681 5527 emisit,
