4034 6262
875 502 917 511 -
962 463 1067 527 LXII
1112 500 1154 508 -

144 692 246 773 stein,
262 691 486 774 Eszterhazy,
503 690 658 773 Fugger,
675 690 839 772 Firmian,
857 689 1110 767 Ftinfkirchen,
1127 689 1381 772 Fiirstenberg,
1396 688 1530 770 Gallas,
1546 689 1681 771 Hager,
1694 689 1852 774 Hardegg

144 831 315 912 Harrach,
338 831 582 911 Herberstein,
613 831 832 909 Hohenlohe,
857 829 1134 910 Khevenhiiller,
1160 829 1434 912 Liechtenstein,
1468 829 1621 909 Lodron,
1654 827 1852 894 Schwarzeu

142 972 244 1052 berg,
268 968 428 1050 Stadion,
453 969 718 1052 Starhemberg,
742 969 863 1047 Taxis,
887 969 1000 1049 Thun,
1026 966 1357 1051 Trauttmansdorff,
1382 967 1684 1052 Windischgratz,
1708 967 1852 1033 Wolken

144 1110 236 1172 stein
261 1119 328 1172 etc.
346 1111 379 1191 ¹).

273 1247 361 1311 Cum
385 1249 617 1312 universitate
641 1260 718 1312 arte
741 1249 966 1312 coniunctum
990 1262 1068 1311 erat
1092 1250 1316 1332 gymnasium
1341 1268 1407 1311 sex
1430 1249 1611 1330 classium,
1646 1247 1746 1310 cuius
1775 1268 1852 1329 prae

143 1390 259 1452 fectus
293 1388 466 1450 rationem
501 1389 676 1451 reddebat
709 1388 837 1451 rectori
868 1387 1119 1451 universitatis
1166 1388 1371 1451 Studiorum
1403 1389 1493 1451 ratio
1529 1388 1655 1470 paucis
1687 1388 1852 1450 immutati

144 1530 269 1590 eadem
293 1537 380 1609 erat,
413 1547 505 1608 quae
533 1548 641 1609 supra
673 1527 768 1589 dicta
796 1538 865 1609 est,
897 1537 1005 1608 atque
1035 1527 1196 1610 plurimis
1226 1527 1521 1590 monasteriorum
1553 1526 1685 1589 scholis
1715 1529 1852 1607 exemp]

143 1667 220 1732 fuit.
251 1666 386 1749 Magno
410 1676 488 1729 erat
510 1667 739 1729 incitamento
763 1668 809 1728 ad
833 1666 1029 1730 litterarum
1050 1666 1168 1730 studia
1184 1666 1219 1728 in
1235 1667 1517 1729 adolescentium
1533 1665 1662 1728 animis
1678 1665 1852 1728 excitand.

145 1807 241 1888 quod
272 1805 352 1868 finis
384 1805 467 1868 anni
497 1805 701 1868 scholastici
733 1824 862 1887 magno
894 1824 972 1867 cum
999 1814 1175 1887 apparatu
1207 1806 1464 1868 celebrabatur.
1511 1805 1571 1867 Ab
1604 1824 1647 1867 eo
1678 1805 1767 1866 enirn
1794 1805 1852 1885 ips

143 1955 313 2025 tempore,
338 1964 408 2025 quo
432 1944 625 2007 constituta
649 1954 704 2007 est
728 1944 951 2025 universitas
975 1954 1013 2007 ut
1037 1945 1072 2006 in
1089 1945 1300 2006 Iesuitarum
1324 1944 1465 2025 scholis,
1489 1943 1648 2006 comicus
1671 1945 1852 2025 eligebatin

144 2086 203 2167 qui
228 2085 417 2166 quotannis
445 2083 601 2146 fabulam
632 2083 809 2146 scenicam
839 2095 1067 2165 componeret
1089 2085 1148 2147 vel
1172 2105 1193 2147 a
1217 2084 1392 2165 discipulo
1418 2083 1650 2165 compositam
1675 2084 1852 2144 emendor«

143 2232 180 2285 et
202 2223 395 2306 corrigeret
419 2242 568 2303 eamque
592 2224 769 2305 agendam
793 2234 943 2286 curaret.
975 2224 1168 2287 Theatrum
1185 2224 1279 2286 omni
1303 2234 1479 2305 apparatu
1503 2223 1646 2285 scenico
1669 2222 1852 2284 instructu·

143 2371 250 2443 atque
274 2373 480 2443 sumptuose
504 2372 666 2424 ornatum
690 2363 823 2443 duplex
847 2373 933 2443 erat,
957 2364 1072 2425 minus
1096 2365 1141 2425 ad
1165 2364 1456 2444 praeludendum,
1480 2362 1595 2423 maius
1618 2363 1664 2423 ad
1688 2363 1852 2443 agendus.

143 2501 217 2582 Ipsi
240 2503 446 2582 spectaculo
471 2503 610 2563 edendo
634 2502 829 2564 intererant
851 2502 1152 2584 archiepiscopus,
1178 2505 1343 2584 abbates,
1378 2503 1437 2584 qui
1466 2502 1559 2563 forte
1591 2503 1739 2562 aderant
1768 2498 1847 2562 Sati

142 2641 256 2722 burgi,
282 2640 523 2722 magistratus
548 2653 668 2703 cetera
691 2641 846 2722 undique
871 2641 1155 2703 concurrentium
1178 2643 1367 2705 multitudo
1382 2644 1415 2719 2).

273 2780 313 2841 In
336 2778 484 2841 Austria
508 2780 690 2860 superiore
714 2779 849 2860 optima
877 2780 984 2862 longe
1008 2781 1152 2861 lateque
1179 2781 1274 2844 fama
1308 2792 1385 2843 erat
1418 2781 1561 2843 scholae
1591 2775 1852 2842 Cremifanensi

145 2937 246 2999 quae,
271 2938 349 2980 cum
373 2917 549 2980 Bonifacii
571 2918 708 3001 Negele
731 2919 873 2981 abbatis
897 2919 1032 2981 incuria
1053 2919 1269 3001 aliquamdiu
1293 2919 1473 2999 iacuisset,
1505 2918 1692 3002 pristinum
1716 2918 1843 3000 vigore

144 3058 315 3119 adsecuta
338 3067 393 3120 est
416 3076 482 3138 per
503 3057 688 3120 Placidum
711 3059 878 3120 abbatem
903 3059 1193 3139 (1644—1ooq)³).
1239 3060 1274 3121 Is
1296 3059 1543 3141 professorum
1570 3077 1753 3120 numerum
1776 3071 1852 3117 aux

144 3205 252 3277 atque
276 3195 468 3277 constituit,
492 3204 531 3258 ut
546 3195 695 3258 Latinae
711 3195 854 3259 fabulae
878 3196 1042 3260 scenicae
1066 3198 1256 3260 ederentur
1279 3210 1315 3259 et
1341 3196 1516 3279 discipuli,
1541 3196 1601 3278 qui
1624 3197 1716 3258 inter
1739 3205 1852 3257 ceter«

144 3335 356 3413 eminerent,
388 3333 486 3396 libris
519 3336 744 3397 donarentur.
791 3335 841 3397 Ut
864 3334 981 3416 pietas
1004 3335 1039 3397 in
1068 3334 1252 3416 discipulis
1281 3355 1490 3417 morumque
1523 3335 1712 3418 integritas
1743 3334 1852 3396 excit:-

143 3483 273 3554 rentur,
298 3494 389 3555 quae
412 3474 566 3537 maxima
590 3495 674 3537 cura
698 3483 784 3553 erat,
811 3478 891 3542 1665
918 3474 1232 3558 congregationem
1258 3475 1415 3555 „Mariae
1439 3476 1483 3537 de
1507 3475 1688 3538 Victoria“
1714 3468 1852 3536 institui

143 3613 218 3677 Nec
241 3614 365 3694 minus,
389 3613 450 3695 qui
473 3614 506 3676 ei
522 3624 780 3694 successerunt,
805 3633 943 3676 omnem
961 3634 1080 3676 curam
1097 3614 1388 3696 diligentiamque
1406 3614 1441 3676 in
1460 3615 1617 3676 scholam
1634 3615 1852 3675 contulerurn

143 3755 179 3816 in
202 3754 329 3834 quibus
352 3753 545 3836 praecipuo
570 3752 687 3816 studio
716 3752 894 3816 eminebat
921 3756 1035 3816 abbas
1058 3754 1266 3816 Alexander
1295 3753 1553 3835 (1731—1749),
1585 3753 1639 3813 vir
1670 3752 1705 3814 in
1729 3753 1852 3814 Austr

144 3895 188 3955 de
212 3895 318 3954 rebus
344 3893 565 3956 scholasticis
589 3893 723 3974 optime
746 3893 909 3973 meritus
941 3891 1002 3974 qui
1032 3893 1218 3974 gymnasio
1250 3893 1388 3955 addidit
1421 3912 1560 3955 cursum
1591 3890 1852 3973 philosophici:

143 4053 222 4095 cum
246 4031 548 4113 disputationibus
572 4032 837 4113 philosophicis.
883 4031 1022 4094 Eximia
1055 4042 1174 4094 tamen
1204 4032 1309 4094 laude
1333 4031 1433 4113 viget
1462 4031 1538 4093 eius
1562 4031 1749 4110 memoria,
1780 4047 1852 4110 qu·

143 4171 360 4234 academiam
386 4170 544 4233 condidit
567 4190 756 4253 puerorum
780 4170 949 4234 nobilium
974 4174 1101 4252 (1743),
1132 4171 1261 4252 inqua
1290 4171 1390 4233 initio
1422 4171 1563 4251 quidem
1596 4171 1739 4234 scholae
1768 4170 1852 4231 hah

142 4312 271 4373 bantur
295 4312 339 4372 de
363 4310 437 4372 iure
455 4311 625 4373 canonico
642 4320 750 4391 atque
768 4312 812 4373 de
829 4309 1121 4390 institutionibus
1147 4321 1274 4391 postea
1290 4329 1378 4372 vero
1396 4320 1500 4372 aucto
1517 4310 1717 4371 scholarum
1733 4323 1852 4370 nume

142 4449 301 4530 inprimis
324 4448 589 4535 mathematica,
613 4447 778 4531 physica,
802 4448 1040 4511 astronomica
1069 4449 1277 4511 colebantur
1308 4458 1417 4529 atque
1448 4448 1554 4510 etiam
1586 4449 1734 4530 specula
1763 4458 1852 4508 ast:

143 4589 280 4652 nomica
304 4588 570 4651 aedificabatur.
616 4588 723 4650 Anno
752 4592 830 4667 1745
862 4590 1004 4650 scholae
1035 4588 1156 4650 haberi
1186 4600 1336 4669 coeptae
1368 4597 1451 4649 sunt
1473 4587 1518 4648 de
1542 4606 1678 4649 morum
1702 4583 1852 4648 doctri·¹

145 4729 189 4788 de
213 4728 430 4809 dogmatica,
455 4731 498 4790 de
522 4727 669 4789 historia
692 4746 793 4788 sacra
817 4736 924 4805 atque
947 4725 1111 4807 profana,
1146 4728 1189 4787 de
1220 4725 1421 4807 patristica,
1455 4727 1499 4787 de
1530 4726 1654 4808 lingua
1685 4723 1849 4787 Hebrai

275 4976 296 5054 1)
327 4978 462 5033 Historia
496 4977 698 5030 universitatis
729 4971 987 5042 salisburgensis
1020 4975 1119 5047 hlayr,
1151 4975 1317 5046 ehemaligc
1352 4975 1534 5030 Universitat
1566 4973 1724 5045 Salzburg;
1753 4971 1852 5027 Pre:

145 5090 257 5145 steiner
280 5111 308 5145 u.
333 5091 368 5144 A.

272 5201 294 5279 ²)
318 5203 530 5257 Prennsteiner
554 5202 571 5255 l.
597 5221 623 5256 c.

272 5312 294 5390 ³)
321 5312 480 5383 „Scholam
498 5314 656 5386 superiore
673 5310 794 5367 saeculo
816 5306 855 5362 ab
876 5306 985 5362 abbate
1002 5309 1154 5383 Gregorio
1171 5312 1329 5367 lechncrn
1353 5313 1551 5368 instituendae
1573 5310 1707 5367 iuventuti
1727 5321 1852 5378 aper-ta

146 5427 350 5491 instaurarit“,
375 5426 447 5480 dicit
471 5422 668 5496 Ziegelbauer
692 5425 709 5478 l.
735 5442 760 5477 e.
