4034 6262
952 518 1152 580 ,Π-

177 767 299 838 solum
326 765 441 837 silvas
467 763 709 838 densissimas
738 764 982 861 exstirpasse,
1005 763 1263 859 regionesque
1287 762 1447 835 incultas
1473 762 1508 834 in
1533 788 1651 859 agros
1671 763 1927 836 fertilissimos

178 939 407 1024 immutasse,
436 939 508 1010 sed
536 937 648 1010 etiam
677 937 931 1009 doctrinarum
959 936 1170 1032 artiumque
1199 936 1335 1008 lumine
1365 962 1532 1009 errorum
1567 940 1747 1010 tenebras
1777 938 1926 1010 discus-

178 1111 273 1185 sisse
301 1126 418 1206 atque
447 1110 618 1183 homines
645 1111 749 1182 feros
777 1125 894 1204 atque
922 1110 1102 1183 immanes
1135 1113 1186 1183 ad
1213 1110 1484 1182 humanitatem
1522 1125 1560 1183 et
1593 1110 1925 1183 mansuetudinem

178 1310 383 1359 revocasse
413 1300 452 1357 et
480 1286 616 1357 multos
644 1285 843 1379 praeclara
872 1283 1067 1356 doctrinae
1101 1300 1140 1356 et
1173 1283 1378 1356 industriae
1407 1284 1571 1380 vestigia
1604 1300 1643 1356 et
1677 1299 1924 1356 monumenta

178 1459 387 1554 reliquisse,
417 1458 500 1554 quis
530 1474 588 1531 est
616 1456 679 1552 qui
708 1457 876 1529 nesciat?

310 1631 411 1725 Quid
439 1632 498 1704 hic
526 1634 623 1703 ordo
653 1629 688 1702 in
715 1631 923 1702 litterarum
947 1631 1093 1718 studiis
1124 1631 1214 1725 quid
1234 1632 1269 1703 in
1288 1631 1401 1703 variis
1421 1631 1554 1703 artium
1575 1630 1782 1703 liberalium
1801 1657 1923 1727 gene-

178 1805 281 1878 ribus
309 1808 359 1877 ab
388 1804 489 1876 initio
518 1829 640 1898 usque
668 1807 719 1876 ad
747 1805 953 1900 superioris
982 1805 1125 1877 saeculi
1153 1804 1341 1877 dimidiam
1369 1819 1515 1900 partem
1536 1805 1769 1899 praestiterit
1789 1832 1921 1877 monu-

180 1978 389 2073 mentisque
418 1977 565 2073 scriptis
593 1977 797 2050 memoriae
825 1979 1046 2073 prodiderit,
1082 1979 1281 2051 maximam
1312 1994 1460 2074 partem
1496 2004 1718 2073 expressum
1745 1979 1922 2050 videmus

180 2152 215 2224 in
248 2151 309 2224 illo
339 2176 475 2246 opere,
509 2152 614 2245 quod
646 2149 876 2223 inscribitur:
918 2151 1110 2240 „Historia
1138 2152 1192 2224 rei
1220 2152 1425 2224 litterariae
1455 2151 1596 2223 ordinis
1624 2177 1653 2224 s.
1683 2151 1919 2238 Benedicti“,

181 2351 203 2398 a
232 2323 476 2396 Benedictino
506 2325 547 2396 P.
577 2325 814 2420 lllagnoaldo
843 2325 1097 2420 Ziegelbauer
1133 2325 1349 2421 conscripto
1389 2340 1426 2397 et
1460 2341 1549 2420 post
1586 2324 1667 2396 eius
1701 2339 1859 2396 mortem
1897 2350 1921 2395 a

180 2501 221 2571 P.
252 2497 420 2572 Oliverio
448 2497 680 2593 Legipontio
709 2498 915 2593 Augustae
944 2497 1224 2570 Vindelicorum
1259 2519 1354 2591 1754
1389 2499 1511 2583 edit0,
1551 2524 1627 2592 quo
1662 2497 1698 2569 in
1731 2522 1850 2592 opere
1885 2497 1921 2568 in

180 2687 310 2767 partes
338 2686 519 2767 quattuor
546 2670 667 2742 diviso
696 2695 758 2742 res
786 2669 837 2742 ita
862 2650 942 2743 fere
962 2671 1146 2766 disposita
1176 2687 1245 2757 est,
1275 2686 1317 2743 ut
1346 2671 1552 2767 disputatio
1583 2673 1631 2742 de
1660 2670 1793 2743 studiis
1821 2670 1920 2741 litte-

180 2868 304 2915 rarum
332 2843 367 2914 in
395 2843 468 2914 hoc
503 2842 636 2914 ordine
673 2867 742 2937 per
778 2842 960 2915 tredecim
998 2844 1153 2916 saecula
1185 2844 1404 2940 vigentibus
1439 2859 1477 2918 et
1513 2846 1668 2919 historia
1705 2846 1921 2917 scholarum

181 3015 551 3111 academiarumque‚
581 3041 681 3110 quae
710 3016 952 3113 singulariter
979 3021 1195 3104 floruerunt,
1225 3019 1499 3114 praemittatur,
1530 3019 1667 3091 deinde
1687 3018 1788 3091 vitae
1807 3044 1921 3114 prae-

182 3189 376 3286 cipuorum
395 3192 662 3262 hlaecenatum
687 3215 708 3262 e
733 3215 889 3262 numero
910 3193 1092 3263 abbatum
1113 3207 1152 3264 et
1171 3191 1303 3264 itinera
1324 3191 1626 3264 doctissimorum
1648 3192 1919 3264 monachorum

182 3365 233 3435 ad
260 3363 530 3436 celeberrimos
564 3363 876 3436 bibliothecarum
915 3380 954 3438 et
987 3364 1258 3437 tabulariorum
1295 3366 1497 3437 thesauros
1535 3367 1824 3450 adumbrentur,
1863 3366 1922 3437 his

182 3535 346 3630 denique
374 3536 581 3608 litterarum
609 3535 786 3621 historia,
820 3535 923 3607 vitae
951 3538 1220 3609 monachorum
1255 3538 1468 3610 eruditione
1500 3537 1791 3633 praestantium,
1830 3564 1921 3609 enu-

180 3708 339 3781 meratio
368 3733 526 3803 operum
556 3710 606 3779 ab
634 3707 678 3780 iis
707 3724 948 3782 exaratorum
977 3710 1242 3807 adiungantur.

310 3882 376 3953 Ab
406 3880 572 3954 editione
601 3882 710 3954 huius
738 3883 819 3955 libri
847 3909 945 3956 nunc
973 3886 1057 3979 plus
1089 3912 1202 3969 unum
1231 3887 1424 3957 saeculum
1457 3884 1664 3980 praeteriit.
1711 3885 1798 3955 Hoc
1826 3883 1920 3956 inte-

180 4055 246 4127 rim
283 4053 408 4151 spatio
446 4080 546 4148 quae
583 4055 913 4130 Benedictinorum
951 4060 1046 4130 ordo
1085 4059 1254 4155 quamvis
1292 4057 1525 4155 gravissimis
1562 4057 1705 4129 interea
1743 4056 1921 4129 adfectus

180 4228 320 4301 iniuriis
348 4228 384 4300 in
412 4227 544 4300 litteris
571 4229 788 4323 profecerit,
817 4246 859 4303 ut
887 4231 1022 4326 aliquis
1041 4231 1304 4328 Ziegelbaueri
1328 4255 1531 4304 successor
1550 4230 1761 4326 conligeret
1780 4244 1818 4301 et
1837 4255 1922 4324 per-

181 4402 365 4475 scriberet
392 4404 591 4475 multorum
621 4428 739 4499 saepe
768 4405 867 4478 votis
897 4405 1104 4500 expetitum
1134 4419 1212 4489 est,
1248 4430 1318 4477 nec
1356 4405 1576 4490 defuerunt,
1617 4403 1678 4499 qui
1714 4404 1808 4474 hanc
1841 4428 1921 4475 rem

181 4579 338 4649 arduam
372 4576 567 4671 suscipere
601 4577 683 4650 ausi
717 4577 801 4650 sint.
850 4578 937 4669 Quo
971 4578 1006 4651 in
1039 4603 1195 4651 numero
1225 4592 1307 4650 erat
1335 4576 1575 4648 doctissimus
1605 4579 1645 4648 P.
1677 4577 1809 4648 Gallus
1839 4577 1921 4646 llo-

181 4750 293 4823 relius
321 4750 603 4835 Einsiedlensis,
634 4751 708 4844 qui,
738 4767 779 4823 ut
807 4751 923 4823 refert
952 4754 991 4825 P.
1022 4754 1151 4824 Benno
1181 4751 1335 4834 Kiihne,
1370 4749 1433 4843 qui
1461 4749 1575 4821 vitam
1609 4752 1690 4822 eius
1723 4749 1874 4843 scripsit
1887 4752 1921 4844 ¹),

181 4947 358 5017 magnam
387 4923 594 4994 litterarum
624 4922 764 4994 ordinis
793 4948 822 4995 s
852 4922 1047 4994 Benedicti
1076 4922 1270 4993 materiam
1299 4921 1506 5016 congessit.
1554 4924 1633 4995 Sed
1661 4936 1781 4992 morte
1811 4948 1922 5014 prae-

182 5109 329 5167 matura
357 5097 512 5167 labores
541 5094 621 5167 eius
649 5094 846 5187 interrupti
874 5108 971 5166 sunt.

312 5458 333 5538 ¹)
357 5463 389 5517 P.
415 5460 493 5517 Gall.
519 5462 624 5518 Morel.
650 5462 708 5516 Ein
732 5455 947 5514 Mdnchsleben
971 5475 1025 5511 aus
1049 5455 1115 5510 dem
1139 5456 1220 5512 xlx.
1245 5458 1455 5532 Jahrhundert.
1482 5460 1663 5525 liinsiedeln,
1693 5457 1782 5528 1875.
