4034 6262
668 488 951 572 —167—

124 715 154 754 m
179 691 308 775 merita.)
334 696 418 763 Lina,
443 696 472 752 iu
496 695 698 752 Commission
720 692 769 751 bei

125 801 237 875 linger.
258 797 348 872 1848.
366 797 408 856 8⁰.
425 797 488 871 326
505 817 534 875 p.

124 911 149 963 in
161 905 300 963 Versnch
312 922 348 960 zu
360 903 632 962 considerationeu
643 901 693 960 bei
707 901 769 959 Ge·

124 1009 288 1084 [eistlicher
303 1008 472 1083 Uebungen
492 1007 541 1064 ffir
556 1007 767 1065 Ordensleutc.

124 1128 217 1172 ncnta
234 1113 509 1171 considerationum
529 1125 667 1188 tempore
683 1129 770 1168 exer·

124 1218 297 1279 >iritualium
321 1237 340 1274 a
363 1218 518 1275 monachis
545 1212 770 1294 faciendarum.)

126 1322 470 1400 ologisch·praktische
493 1323 605 1379 Linzcr
627 1321 771 1392 Quartal·

125 1430 149 1487 1.
169 1429 274 1506 Jahrg.
299 1429 353 1485 III.
376 1426 457 1485 Hest.
482 1424 652 1503 Separatim
676 1425 770 1482 edita:

124 1534 159 1592 ck
175 1552 235 1592 von
250 1534 317 1611 Joh.
334 1532 428 1589 Haas.
450 1530 540 1605 1854.
558 1529 600 1589 8⁰.
617 1545 656 1605 55
675 1549 705 1607 p.

124 1682 185 1757 ier
215 1693 366 1756 Victor
399 1692 609 1776 Iosephus
646 1691 707 1773 (de
743 1711 770 1753 s.

124 1811 394 1894 Pannoniae),
429 1810 574 1874 Posonii
612 1809 771 1873 eiusdem

124 1934 281 2018 [ungaria
297 1933 354 1997 die
372 1937 423 1998 26.
440 1933 545 1998 Febr.
562 1937 640 2012 1817
655 1942 771 2014 natus,

132 2057 190 2122 die
213 2063 264 2121 25.
281 2055 382 2140 Sept.
404 2062 484 2136 1854
507 2056 663 2137 indutus,
687 2065 773 2119 vota

124 2179 203 2243 die
229 2185 276 2242 13.
293 2178 389 2262 Aug.
410 2182 490 2241 1858
514 2178 631 2242 emisit
654 2187 691 2241 et
711 2178 773 2240 ab·

132 2320 160 2366 a.
172 2310 292 2365 monte
312 2320 339 2363 s.
355 2299 557 2383 theologiae
573 2298 700 2362 studiis
715 2297 773 2361 die

126 2428 187 2504 842
206 2423 396 2506 presbyter
410 2420 527 2485 factus
540 2432 605 2485 est.
626 2426 770 2500 1841—2

124 2546 232 2610 atoris
253 2566 275 2608 a
294 2545 405 2608 sacris
428 2544 464 2607 in
488 2563 515 2609 s.
532 2553 662 2626 monte,
691 2546 770 2622 1842

124 2667 309 2733 rofessoris
332 2686 453 2751 gymn.
478 2664 663 2749 Strigonii,
692 2669 773 2729 185ο

124 2789 637 2873 ›pronii,1867-74superi0ris
648 2789 773 2851 domus

124 2912 183 2976 >ris
204 2910 383 2997 gymnasii
400 2909 598 2974 Ginsiensis
619 2909 774 3003 maxima

124 3039 151 3098 le
173 3034 317 3097 functus
341 3043 412 3115 est,
436 3052 506 3114 quo
530 3051 622 3095 anno
642 3030 700 3095 die
725 3053 772 3111 19.

124 3157 246 3221 »alneis
262 3156 400 3219 Rohics
416 3156 475 3238 pie
491 3155 527 3217 in
542 3154 695 3217 Domino
712 3156 774 3217 ob·

124 3421 156 3466 rs
177 3399 438 3465 mathematicis
459 3420 564 3482 quam
588 3400 776 3482 plurimum

124 3547 139 3590 s
159 3525 260 3610 typis
283 3532 426 3607 praeter
446 3523 538 3586 hanc
554 3521 775 3586 dissertatio·

124 3650 134 3712 l
156 3646 355 3712 mandavit:

124 3788 254 3850 utungen
262 3771 403 3830 uberden
415 3771 658 3828 arithmetischen
667 3771 775 3830 Unter·

124 3899 143 3937 n
159 3878 269 3938 beiden
285 3888 439 3933 untersten
456 3876 586 3933 Klassen
607 3876 660 3933 des
682 3876 776 3951 Gym-

124 3986 140 4041 i.
157 4002 184 4040 e.
206 3982 254 4038 De
274 3982 460 4037 institutione
476 3980 593 4037 arithm.
610 3979 776 4058 induabus

124 4109 137 4147 s
153 4088 302 4164 gymnasii
320 4082 491 4162 classibus.)
508 4085 541 4140 In
556 4103 661 4162 progr.
675 4104 775 4161 gymn.

124 4189 226 4271 ³58s9·
243 4197 286 4264 4⁰·
303 4209 332 4266 1·
350 4204 445 4263 3-9·

124 4340 240 4415 abala
265 4350 544 4414 Methodius
565 4351 776 4434 Ignatius

124 4469 320 4552 diensis).
344 4469 514 4532 Moravus
531 4478 636 4533 natus
653 4481 709 4533 est
729 4476 775 4534 16.

124 4597 135 4656 3
158 4592 194 4654 in
215 4591 349 4673 oppido
369 4592 487 4655 Hulin.
512 4593 548 4654 A
568 4591 777 4677 parentibus

125 4724 188 4778 nto
212 4723 308 4776 statu
334 4713 447 4777 civico
471 4715 630 4778 eiusdem
653 4714 777 4797 oppidi

124 4856 147 4899 ,ο
163 4836 223 4920 pie
241 4837 424 4919 educatus
441 4837 476 4900 in
491 4836 614 4921 lingua
631 4836 778 4901 Germa-

148 4960 443 5043 subcapellanum
470 4970 494 5024 t.
519 4971 543 5025 t.
570 4960 698 5023 Halfar
727 4961 778 5025 in·

124 5102 211 5147 anno
232 5086 312 5162 1845
335 5103 486 5146 examen
507 5083 616 5147 subiit
635 5084 778 5147 scholae

124 5204 171 5269 ris
202 5205 239 5267 in
271 5206 358 5268 urbe
389 5203 629 5269 Straznicensi
659 5204 778 5286 ibique

124 5328 252 5412 primas
273 5337 346 5391 tres
368 5328 503 5391 classes
527 5327 705 5411 gymnasii
728 5326 779 5390 in·

124 5451 261 5533 bsolvit,
270 5461 355 5514 tunc
367 5451 414 5513 ad
424 5451 543 5514 studia
552 5452 684 5514 haecce
695 5468 779 5513 con·

850 688 1022 752 tinuanda
1034 687 1261 752 Cremsirium
1276 709 1315 752 se
1329 688 1478 754 contulit
1494 698 1530 753 et
1547 692 1626 752 1855
1643 697 1681 750 et

849 811 1013 894 sequenti
1039 811 1158 875 studia
1184 811 1434 895 polytechnica
1458 810 1620 875 Viennae
1643 818 1680 872 et

849 932 969 996 studia
987 933 1204 1016 philologica
1219 933 1255 997 in
1271 932 1504 997 universitate
1521 932 1680 996 eiusdem

849 1055 1179 1140 urbis'prosecutus
1202 1066 1268 1119 est.
1296 1057 1403 1119 Anno
1432 1057 1513 1134 1854
1536 1054 1680 1118 Brunae

849 1179 954 1260 praxi
968 1178 1077 1243 officii
1092 1178 1369 1261 caesareo-regii
1390 1177 1426 1241 in
1446 1177 1681 1261 registratura

849 1301 1102 1364 mathematica
1126 1301 1391 1365 marchionatus
1410 1297 1594 1363 Moraviae
1617 1297 1681 1361 ini·

850 1422 960 1486 tiatus
979 1422 1057 1507 fuit,
1080 1422 1315 1506 subsequenti
1333 1441 1419 1486 vero
1446 1424 1525 1483 1855
1551 1420 1608 1483 die
1633 1439 1681 1498 19.

850 1547 926 1635 Iun.
941 1546 1100 1610 ordinem
1113 1565 1140 1610 s.
1154 1545 1342 1609 Benedicti
1354 1564 1513 1607 normam
1525 1552 1562 1606 et
1577 1560 1684 1624 regu·

850 1670 921 1732 lam
932 1668 1029 1731 vitae
1041 1687 1128 1732 suae
1139 1667 1281 1732 futurae
1293 1666 1362 1730 sibi
1374 1661 1683 1750 elegitRaigradii

850 1791 887 1855 in
912 1790 1085 1872 Moravia,
1113 1799 1149 1854 et
1176 1809 1241 1873 per
1267 1791 1435 1852 abbatem
1460 1786 1683 1851 Guntherum

851 1913 994 1977 indutus
1024 1932 1153 1976 nomen
1179 1909 1385 1974 Methodius
1415 1929 1462 1972 ex
1487 1918 1574 1972 voto
1604 1906 1684 1970 reli·

851 2036 953 2120 gioso
984 2044 1021 2099 et
1047 2033 1213 2119 precibus
1244 2032 1360 2096 enixis
1393 2040 1449 2095 est
1480 2032 1684 2094 adsecutus.

851 2157 1037 2221 Novitiatu
1060 2156 1206 2237 expleto
1229 2164 1314 2218 vota
1336 2152 1523 2235 simplicia,
1548 2151 1605 2215 die
1632 2170 1682 2214 20.

852 2280 947 2363 Aug.
968 2282 1049 2343 1858
1066 2288 1152 2342 vota
1166 2275 1350 2341 sollemnia
1366 2274 1493 2338 emisit.
1513 2274 1573 2338 Ab
1589 2292 1683 2336 anno

857 2405 937 2466 1856
954 2420 1067 2483 usque
1084 2401 1131 2463 ad
1146 2418 1276 2462 annum
1296 2401 1377 2478 1859
1397 2395 1525 2461 studiis
1548 2396 1684 2458 theolo-

852 2523 944 2607 gicis
959 2523 995 2587 in
1010 2523 1193 2586 alumnatu
1208 2519 1423 2584 dioecesano
1438 2517 1616 2581 Brunensi
1632 2517 1685 2580 di-

852 2646 1007 2729 ligenter
1021 2663 1167 2728 operam
1182 2641 1339 2723 navavit,
1355 2660 1470 2722 aeque
1491 2660 1533 2703 ac
1555 2637 1684 2702 studiis

853 2765 1078 2850 philologieis
1107 2775 1144 2828 et
1169 2762 1351 2827 litterariis
1373 2772 1534 2846 tempore
1558 2781 1684 2825 vacuo.

853 2889 1001 2952 Munere
1018 2885 1232 2950 sacerdotali
1248 2884 1305 2948 die
1321 2907 1352 2964 4.
1365 2885 1429 2950 Iul.
1449 2888 1530 2965 1859
1546 2886 1593 2947 ab
1609 2883 1686 2967 epi·

853 3030 964 3096 scopo
986 3008 1163 3073 Brunensi
1179 3007 1337 3072 Antonio
1353 3006 1482 3070 comite
1498 3027 1521 3069 a
1535 3004 1686 3071 Schaaf·

853 3134 1003 3219 gotsche
1034 3140 1227 3195 exornatus
1255 3139 1292 3193 et
1322 3127 1488 3211 primitiis
1516 3128 1552 3192 in
1579 3129 1686 3192 domo

852 3266 1003 3340 patema
1026 3251 1231 3335 celebratis,
1255 3259 1468 3333 cooperator
1490 3250 1688 3314 instituitur

853 3375 1148 3462 Raigradiensis,
1179 3373 1377 3437 catechista
1409 3371 1688 3457 Opatovicensis

855 3512 891 3566 et
922 3496 1198 3583 Raigradiensis
1234 3507 1270 3560 et
1304 3497 1433 3561 iterata
1463 3497 1542 3563 vice
1578 3499 1687 3564 etiam

855 3619 1104 3702 Ostrovacicii‚
1124 3616 1333 3681 Domasovii
1357 3638 1423 3682 nec
1446 3639 1517 3683 non
1537 3618 1688 3685 Vetero-

855 3746 998 3808 Brunae
1018 3761 1139 3806 curam
1158 3739 1353 3804 animarum
1374 3740 1560 3805 auxiliario
1580 3744 1687 3806 modo

856 3867 932 3953 egit
948 3884 1061 3949 usque
1078 3865 1125 3927 ad
1145 3866 1236 3946 1872,
1253 3882 1324 3944 quo
1340 3872 1423 3945 post
1438 3872 1588 3926 mortem
1603 3863 1687 3927 Vic-

855 3988 943 4052 toris
963 3985 1145 4050 Kunzfeld
1164 3983 1461 4049 administratoris
1485 3984 1598 4048 curati
1619 3983 1686 4070 Sy·

856 4109 1051 4174 rovicensis
1074 4107 1110 4171 in
1134 4106 1211 4169 eius
1232 4104 1349 4170 locum
1376 4108 1593 4190 subrogatus
1619 4107 1688 4172 fuit

856 4232 977 4315 ibique
993 4249 1106 4312 usque
1130 4230 1176 4291 ad
1196 4229 1403 4292 hodiernam
1424 4229 1518 4293 diem
1537 4248 1686 4312 gregem

855 4351 999 4417 Domini
1012 4353 1123 4415 verbo
1141 4349 1287 4414 coelesti
1300 4351 1449 4413 solerter
1461 4350 1587 4434 pascit.
1605 4350 1687 4416 Stu-

856 4476 924 4540 diis
944 4472 1157 4556 theologicis
1180 4482 1217 4536 et
1241 4471 1468 4555 philologieis
1490 4473 1615 4536 sedulo
1636 4473 1688 4538 in·

856 4607 976 4662 tentus
992 4594 1110 4658 multis
1124 4594 1412 4677 ephemeridibus
1428 4594 1607 4659 idiomatis
1619 4596 1687 4659 sla·

857 4718 928 4782 vici
941 4716 1078 4780 fructus
1094 4716 1218 4778 horum
1234 4716 1687 4799 promulgandostradidit,

857 4839 929 4904 uti:
959 4837 1206 4924 „Blahovest“,
1236 4821 1369 4922 „skora
1392 4858 1414 4900 a
1437 4837 1563 4920 evoe,
1591 4836 1689 4922 „Mo-

857 4961 989 5025 ravska
1016 4957 1167 5041 Orlice“,
1200 4957 1341 5043 „Hlas“,
1374 4957 1587 5043 „Moravske
1616 4958 1688 5022 No·

857 5081 975 5166 viny“.
1006 5080 1121 5165 Typis
1146 5099 1233 5143 vero
1259 5078 1396 5143 Latinis
1423 5089 1460 5144 et
1487 5078 1689 5163 Cyrillianis

859 5203 971 5267 edidit
990 5221 1083 5266 anno
1107 5205 1203 5265 1868:
1231 5199 1451 5287 „Slavicek“,
1473 5201 1494 5264 i.
1516 5221 1546 5266 e.
1567 5201 1689 5267 Lusci·

858 5327 961 5408 nella,
973 5326 1183 5408 opusculum
1192 5325 1433 5407 Bohemicum,
1442 5324 1687 5388 collectionem

858 5448 1062 5531 poematum
1077 5447 1309 5511 nationalium
1324 5447 1361 5511 in
1376 5445 1549 5510 Bohemia
1564 5457 1601 5510 et
1612 5445 1689 5509 Mo-
