4088 6270
897 489 1179 539 -200—

164 689 358 764 Bucsanszky
375 684 540 764 Alajosnal.
557 682 599 741 8⁰.
618 681 659 739 oo
674 700 703 757 p.
726 693 756 735 et
773 679 815 735 111
831 676 893 735 tab.
921 678 994 733 Lin·
1033 667 1037 718 ¹
1075 673 1260 755 dulcisque
1285 675 1317 736 ei
1340 674 1435 737 facta
1456 674 1573 737 fuerat
1598 675 1698 753 cella,
1723 680 1863 755 1111111185

162 816 223 875 gua
240 798 340 871 Hung.
358 808 388 852 et
403 795 472 850 Lat.
496 789 553 847 Ed.
573 804 601 845 2.

252 901 288 958 V.
312 900 338 956 A
364 891 565 956 teremti'esrdl.
590 889 620 969 (i.
640 910 667 947 e.
693 891 738 945 De
763 885 937 965 creatione.)
961 886 995 942 In

165 1008 270 1082 script.
288 1003 404 1081 period.
425 1001 563 1074 „Religio
580 997 613 1054 es
629 994 783 1052 net·eles“.
805 989 895 1065 1846.
913 993 936 1048 l.
953 1006 992 1064 42

163 1128 259 1183 —44.
277 1130 355 1165 num.

250 1215 301 1272 Vl.
323 1213 349 1269 Α
366 1211 477 1286 tihanyi
494 1206 623 1285 apatsag
643 1204 783 1261 torte'neti
804 1202 837 1258 es
860 1199 993 1274 foldrajzi

162 1320 282 1378 leirasa.
300 1315 329 1395 (i.
347 1337 374 1374 e.
392 1315 565 1390 Descriptio
582 1311 725 1367 historica
742 1320 772 1363 et
787 1306 995 1382 geographica

163 1424 304 1483 abbatiae
331 1422 368 1477 de
392 1415 534 1496 'l'ihany.)
564 1417 621 1472 Ms.
649 1413 769 1470 adserv.
799 1414 828 1468 in
856 1410 993 1468 biblioth.

163 1529 287 1586 centrali
306 1529 334 1584 in
351 1545 375 1581 s.
394 1537 504 1580 monte.
522 1529 564 1594 4⁰.
587 1535 642 1576 112
661 1538 690 1594 p.

249 1633 314 1690 Vll.
328 1632 455 1705 Magyar
468 1624 616 1701 nyelvbeli
631 1620 909 1679 szdszarmaztatas.
926 1615 955 1697 (i.
965 1638 992 1675 e.

164 1737 359 1815 Etymologia
375 1729 487 1809 Hung.)
504 1733 560 1787 uls.
578 1728 641 1785 600
657 1748 687 1804 p.

249 1879 510 1974 Hostlovsky
527 1886 796 1950 Coelestinus
813 1886 844 1967 (e
861 1904 994 1947 mona-

162 2013 294 2077 sterio
310 2013 360 2074 ad
381 2009 621 2074 s.10annem
643 2008 718 2068 sub
739 2023 843 2086 rupe
864 2004 994 2066 Bohe·

162 2137 288 2216 miae),
311 2133 397 2196 dicit
416 2151 454 2192 se
470 2130 648 2192 alumnum
664 2127 768 2190 huius
790 2127 993 2190 monasterii

162 2271 198 2323 et
219 2278 299 2336 1700
314 2255 381 2318 loci
398 2253 490 2315 illius
507 2262 690 2314 curatum·

250 2387 401 2469 Scripsit
418 2383 607 2447 chronicon
624 2383 690 2444 sub
707 2381 825 2444 titulo:

249 2523 396 2581 Memoria
412 2518 627 2594 Subrupensis,
645 2535 698 2571 seu
712 2515 877 2591 descriptio
893 2534 992 2572 rerum

162 2628 399 2689 memorabilium
424 2625 513 2680 levati
541 2623 714 2679 monasterii
739 2641 763 2676 5.
787 2621 908 2676 loannis
936 2618 992 2676 sub

162 2755 238 2812 rupe
251 2754 279 2790 ο.
291 2753 316 2789 5.
326 2734 358 2788 Β.
377 2730 612 2803 hlanuscriptum
625 2723 700 2803 (fol.)
715 2727 834 2780 maximi
851 2727 991 2780 momenti

162 2840 200 2897 ad
218 2834 459 2913 cognoscendam
478 2831 634 2888 historiam
650 2829 764 2885 ordinis
780 2831 876 2885 nostri
893 2830 921 2884 in
934 2830 993 2885 Bo-

161 2946 259 3000 hemia
271 2942 451 2998 adservatur
467 2940 495 2992 in
512 2936 635 2991 archivo
652 2934 776 3010 paroch.
794 2932 831 2988 ad
844 2952 868 2988 s.
882 2933 993 2989 Chilia·

86 3071 88 3080 “
161 3068 230 3106 num
246 3064 343 3123 prope
360 3046 498 3117 Pragam.
523 3040 686 3115 Exemplar
701 3038 834 3094 eiusdem
851 3040 880 3094 in
896 3038 992 3094 archi·

162 3173 200 3210 vo
218 3149 432 3207 lifeunoviensi
451 3149 527 3219 sign.
545 3145 581 3201 A.
599 3145 649 3201 l'l.
669 3158 696 3217 7.
719 3141 775 3199 162
794 3161 823 3218 p.
842 3142 892 3198 fol.

246 3289 445 3371 Hrdlidka
475 3304 700 3366 Emanuel
729 3303 990 3385 (Bohemus,

160 3422 990 3506 Kammerburgensis3EmautinusMont-

160 3547 435 3627 serratensis),
457 3556 562 3607 natus
583 3549 673 3624 1810,
695 3544 878 3625 professus
899 3549 989 3625 1830,

159 3672 349 3753 presbyter
366 3668 549 3730 ordinatus
570 3670 660 3751 1837,
683 3666 859 3749 gymnasii
876 3668 990 3729 Bene·

159 3792 281 3856 diutini
298 3790 476 3853 Emautini
497 3790 532 3851 in
555 3789 700 3852 civitate
720 3789 930 3852 Klattoviae
955 3800 991 3852 et

159 3914 334 4000 gymnasii
353 3911 567 3994 episcopalis
584 3911 819 3973 Budricensis
837 3913 991 3975 director

158 4037 339 4117 emeritu5‚
377 4034 535 4095 notarius
571 4032 785 4114 episcopalis
817 4035 989 4097 dioecesis

158 4157 408 4235 Budvicensis,
434 4156 625 4217 admodum
647 4157 863 4217 reverendus
879 4157 990 4218 admi-

158 4284 325 4344 nistrator
342 4279 510 4341 abbatiae
524 4278 742 4340 Emautinae.
760 4278 875 4358 Quum
887 4299 989 4362 gym-

157 4405 247 4468 nasii
276 4401 490 4483 episcopalis
514 4400 749 4463 Budvicensis
777 4401 910 4482 primus
939 4402 990 4464 di-

159 4536 275 4589 rector
292 4533 398 4605 esset‚
420 4523 563 4604 scripsit
582 4523 764 4586 historiam
780 4525 872 4586 illius
888 4546 990 4608 gym-

159 4648 248 4711 nasii
265 4646 382 4709 studio
400 4646 642 4709 sollertissimo
663 4650 709 4708 ab
732 4647 867 4730 origine
888 4669 989 4730 gym-

158 4771 249 4833 nasii
264 4771 367 4832 huius
384 4771 430 4831 ab
446 4789 539 4832 anno
561 4775 640 4849 1869
657 4790 769 4851 usque
791 4776 880 4849 1871.

245 4915 300 4969 Ms.
317 4913 496 4969 adservatur
511 4916 540 4969 in
557 4915 682 4970 archivo
699 4914 769 4970 dicti
786 4918 944 4990 gymnasii.

244 5061 364 5135 Hron
388 5072 606 5135 Chilianus
633 5072 988 5156 (Cladrubiensis).

160 5188 409 5254 Obedientiam
431 5194 625 5254 secundum
643 5194 803 5274 regulam
820 5215 847 5255 s.
864 5195 904 5258 P.
922 5196 990 5257 Be·

1075 797 1213 859 exactis
1225 796 1354 879 viginti
1367 818 1393 859 S.
1404 796 1637 879 professionis
1650 798 1748 861 annis
1759 799 1865 862 decretu

1076 938 1244 981 caesareo
1257 930 1293 982 et
1308 920 1420 982 cellae
1433 930 1469 982 et
1481 920 1698 983 monasterio
1707 922 1866 985 valedicere

1075 1041 1192 1103 iussus
1208 1041 1284 1104 fuit.
1309 1041 1468 1124 Fugiens
1484 1043 1654 1106 mundum
1665 1044 1806 1125 supplex
1815 1045 1867 1108 adit

1075 1164 1243 1226 abbatem
1260 1164 1573 1245 Brevnoviensem,
1599 1164 1660 1246 qui
1682 1185 1759 1228 eum
1778 1166 1867 1228 lubens

1075 1286 1110 1348 in
1125 1285 1234 1349 filium
1248 1286 1444 1368 adoptavit.
1462 1287 1668 1351 Stabilitate
1681 1298 1753 1350 tum
1769 1295 1798 1350 et
1809 1289 1867 1350 obe

1075 1408 1208 1471 dientia
1232 1408 1423 1471 Brevnovii
1447 1409 1623 1490 promissa
1647 1408 1772 1472 missus
1788 1409 1867 1472 estin

1075 1550 1194 1592 curam
1222 1530 1417 1593 animarum
1440 1529 1764 1594 Wernersdorfium
1785 1551 1866 1613 prope

1074 1650 1255 1727 Braunau‚
1280 1656 1525 1737 pascebatque
1549 1673 1699 1737 gregem
1723 1653 1785 1716 sibi
1802 1673 1866 1716 cun·

1073 1773 1218 1836 missum
1230 1795 1342 1857 usque
1355 1780 1446 1840 1815.
1463 1775 1580 1839 Annis
1589 1785 1739 1839 onustus
1747 1774 1865 1837 Bfemo

1074 1894 1169 1958 vium
1185 1916 1350 1959 reversus
1366 1897 1552 1960 renovavit
1568 1897 1618 1960 ibi
1630 1909 1717 1960 vota
1732 1917 1796 1978 sua,
1809 1908 1864 1958 ante

1074 2038 1187 2080 annos
1212 2018 1472 2101 quinquaginta
1492 2019 1633 2101 emissa,
1650 2018 1803 2100 vixitque
1820 2018 1862 2078 sub

1074 2139 1158 2223 iugo
1171 2141 1316 2223 regulae
1330 2148 1366 2202 et
1378 2140 1468 2203 alios
1480 2160 1593 2203 annos
1603 2140 1790 2203 duodecim.
1801 2139 1861 2201 fan·

1075 2264 1156 2324 dem
1179 2262 1233 2324 vir
1254 2262 1362 2344 prisci
1390 2263 1470 2325 aevi
1498 2272 1535 2326 et
1557 2263 1750 2327 monachus
1770 2261 1860 2325 valoris

1074 2384 1211 2465 antiqui
1235 2386 1486 2448 monachorum
1510 2386 1545 2448 in
1571 2386 1682 2449 coelis
1697 2386 1799 2448 Deum
1813 2384 1859 2445 lau·

1076 2506 1233 2569 dantium
1258 2508 1365 2569 choro
1389 2519 1611 2591 aggregatur
1636 2507 1858 2580 1511051111.

1160 2647 1220 2708 Ab
1237 2647 1315 2728 ipso
1332 2648 1478 2730 prodiit:

1160 2792 1182 2846 l.
1212 2792 1339 2848 Carmen
1366 2792 1595 2866 gratulatorium
1623 2792 1732 2848 domno
1753 2790 1856 2847 Othnaru

1074 2894 1195 2950 Conrad
1222 2897 1399 2971 praeposito
1428 2895 1636 2970 Rajhradiensi
1667 2896 1704 2952 ad
1730 2888 1856 2952 renotanda

1075 3012 1146 3056 vota
1162 2999 1327 3056 sollemnia.
1345 3001 1410 3057 Fol.
1428 3000 1527 3077 Typis
1544 3020 1628 3077 expr.
1651 3014 1738 3091 17117.

1158 3122 1195 3178 ll.
1207 3122 1397 3179 hlethodisch
1409 3120 1603 3198 abgefasstes
1612 3119 1854 3179 Krankenbuchror

1073 3226 1189 3293 muller,
1214 3227 1366 3283 verrhehrt
1389 3226 1640 3303 herausgegeben
1662 3247 1720 3284 von
1734 3223 1853 3284 Ch.Hrou.

1071 3327 1100 3409 (i.
1123 3351 1150 3386 e.
1173 3330 1387 3388 hleditationes
1410 3346 1440 3387 et
1464 3335 1532 3407 piae
1556 3351 1666 3408 preces
1689 3323 1853 3388 infirmantibus

1071 3434 1341 3514 accommodatae.)
1369 3438 1459 3510 Prag.
1487 3436 1577 3509 1803.
1599 3436 1724 3493 Bnchler
1741 3424 1852 3504 bibliopul·

1072 3540 1138 3596 Vol.
1161 3556 1186 3596 r.
1204 3540 1246 3595 8⁰.
1265 3555 1327 3612 240
1343 3560 1372 3615 p.

1158 3663 1210 3719 Ill.
1228 3662 1440 3718 hlcditationes
1453 3665 1679 3738 praeparationi
1692 3661 1727 3718 ad
1739 3656 1852 3717 aeremia·
1893 3644 1898 3737 1

1072 3780 1129 3822 tem
1145 3767 1401 3824 accommodatae.
1418 3767 1583 3823 Desumtae
1596 3781 1625 3823 et
1639 3770 1667 3823 in
1682 3767 1800 3823 Latinum
1810 3773 1851 3812 rer·

1070 3890 1123 3927 sae
1135 3891 1171 3927 ex
1186 3887 1268 3927 tomo
1279 3873 1329 3928 Vl.
1344 3873 1381 3928 l).
1392 3871 1559 3939 Beaudrau,
1567 3874 1692 3947 primum
1699 3861 1851 3928 Gallicoidio·

1071 3990 1150 4032 mate
1167 3979 1368 4051 conscriptae,
1386 3976 1493 4032 deinde
1509 3978 1538 4032 in
1554 3975 1761 4032 Germanicum
1774 3978 1850 4027 111318

1070 4082 1127 4137 Ma.
1148 4081 1298 4156 „professi
1313 4080 1465 4138 iubilaeit.
1482 4081 1549 4139 Vol.
1568 4096 1594 4137 1.
1611 4081 1654 4139 8⁰.
1673 4079 1728 4154 146
1740 4100 1766 4156 p.
1778 4072 1851 4132 Adni-

1071 4200 1158 4241 vatur
1180 4188 1207 4241 in
1229 4185 1367 4243 biblioth.
1384 4188 1534 4242 Biernor.
1551 4188 1631 4261 sign.
1648 4201 1666 4259 3
1671 4201 1700 4260 5.
1716 4204 1741 4242 a.
1756 4182 1784 4239 ,1
1797 4199 1809 4250 1.
1823 4183 1850 4227 1²·

1156 4334 1339 4430 Hubeny
1370 4346 1562 4408 Leander
1593 4346 1850 4425 (Brevnovenu

1070 4461 1356 4544 Braunensis)‚
1370 4463 1575 4526 aWisenav
1588 4464 1686 4544 Boh,
1699 4472 1788 4526 natus
1800 4452 1849 4515 1832

1070 4583 1128 4646 die
1152 4605 1202 4647 20.
1220 4586 1330 4666 Sept,
1353 4585 1509 4667 peractis
1531 4585 1568 4648 in
1588 4584 1766 4668 gymnasio
1779 4577 1851 4640 urau-

1070 4707 1170 4768 nensi
1192 4717 1228 4769 et
1246 4707 1328 4770 dein
1345 4708 1485 4789 Pragae
1505 4709 1634 4770 studiis
1655 4686 1851 4790 gymnasiasti·

1027 4780 1031 4903 l
1070 4827 1121 4890 cis
1147 4840 1283 4892 vestem
1313 4830 1512 4912 regularem
1536 4829 1689 4893 obtinuit
1709 4805 1850 4891 arenosi

1071 4950 1190 5031 ibique
1214 4972 1352 5014 sacram
1377 4951 1494 5014 emisit
1517 4951 1765 5033 professionem
1782 4940 1822 5004 die
1832 4949 1849 5009 1·

1071 5072 1150 5137 Oct.
1168 5078 1258 5136 1855.
1284 5076 1460 5137 Sacerdos
1481 5079 1562 5137 1850
1580 5075 1637 5137 die
1654 5080 1684 5138 3.
1696 5074 1779 5152 Aug.
1791 5054 1850 5126 ordi·

1070 5207 1175 5257 natus
1192 5215 1256 5277 per
1272 5196 1408 5276 aliquot
1429 5216 1541 5258 annos
1557 5197 1655 5259 vices
1676 5195 1791 5277 agebat
1805 5194 1849 5245 nu·

158 5313 289 5374 nedicti
306 5323 341 5375 et
354 5314 584 5377 stabilitatem
598 5316 810 5396 promiserat
823 5316 857 5378 in
871 5337 989 5378 mona·
1028 5280 1031 5433 1
1070 5318 1172 5399 gistri
1198 5318 1232 5379 in
1249 5319 1435 5401 gymnasio
1453 5319 1662 5382 Braunensi.
1686 5314 1849 5383 Missuspt

157 5435 266 5497 sterio
277 5436 367 5499 RV.
380 5438 427 5499 M.
438 5437 684 5500 Cladrubiensi
697 5439 989 5519 (Kladrau,lloh.)
1028 5436 1031 5499 l
1070 5451 1147 5501 stea
1164 5441 1199 5502 in
1217 5461 1336 5503 curam
1349 5442 1542 5503 animarum
1559 5441 1769 5505 administrat
1781 5437 1849 5512 paru
