4088 6270
684 516 965 585 ,133-

156 721 248 785 opus
264 703 331 765 hoc
348 720 440 764 anno
456 700 553 783 typis
570 700 781 781 impressum

145 824 374 906 periclitante
405 823 575 887 hodierno
607 822 781 886 ecclesiae

139 946 286 1009 ‚esertim
303 947 337 1008 in
355 944 482 1028 Gallia,
503 945 539 1007 in
560 964 630 1025 quo
649 945 781 1007 hierar-

139 1069 288 1132 maniae
317 1071 364 1130 ob
391 1069 513 1130 oculos
536 1067 657 1148 posuit
679 1085 781 1149 prae-

139 1190 250 1254 mium
262 1190 338 1253 iere
350 1189 543 1252 hodiernae
557 1187 695 1252 Galliae
708 1187 782 1269 epi·

163 1314 377 1394 exemplum,
394 1311 454 1392 qui
471 1310 644 1392 exsilium,
665 1310 783 1392 direp-

139 1452 268 1497 norum
281 1433 467 1516 ipsamque
480 1444 628 1495 mortem
641 1431 783 1513 perpeti

139 1565 159 1639 t,
176 1577 284 1639 quam
300 1555 582 1619 communionem
599 1555 686 1618 inire
703 1575 781 1617 cum

139 1679 194 1742 sis.
218 1679 384 1760 Denique
400 1688 514 1740 terror
525 1677 621 1759 belli,
634 1697 655 1739 a
669 1675 782 1741 Gallis

139 1800 301 1883 sindicti,
323 1801 414 1863 adeo
437 1799 573 1862 animos
594 1798 782 1880 concussit,

139 1923 300 2008 regimen
316 1922 503 1986 anterioris
519 1921 691 1985 Austriae
707 1920 782 1984 Fri-

138 2046 333 2110 nstantiam
353 2044 542 2127 aufugerit,
567 2053 604 2107 et
623 2043 783 2105 Blasiani

139 2188 206 2231 »sas
230 2168 264 2230 in
286 2167 491 2231 Helvetium
511 2165 781 2229 transmiserint.

139 2311 158 2354 n
179 2302 379 2354 extremum
399 2291 529 2353 malurn
553 2289 706 2369 praesul,
730 2297 784 2351 tot

139 2412 273 2476 iversis
290 2410 488 2492 infestatus,
510 2410 692 2474 imminere
709 2429 783 2473 cer·

139 2582 143 2596 .
171 2533 375 2598 contristari
399 2534 532 2616 coepit,
556 2542 595 2595 ut
618 2532 725 2595 animi
748 2540 785 2594 et

139 2657 218 2720 rires
230 2657 334 2720 simul
349 2656 386 2719 in
398 2675 440 2719 eo
452 2655 570 2738 frangi
583 2665 619 2718 et
632 2653 784 2717 deficere

139 2800 167 2844 r.

139 2902 282 2965 casibus
299 2901 438 2964 infestis
451 2901 665 2982 quandoque
678 2899 784 2961 inter-

139 3044 161 3107 :,
185 3044 278 3106 quae
303 3024 427 3086 abbati
452 3023 625 3085 laetitiam
647 3021 784 3084 adfere-

139 3146 330 3230 ¹gnitatem.
350 3144 549 3226 Imperator
562 3144 710 3207 Carolus
722 3143 783 3206 VI.

140 3269 285 3332 ancisco
302 3267 346 3330 ΙΙ.
369 3278 404 3329 et
426 3266 502 3330 eius
518 3266 785 3329 successoribus

139 3390 386 3472 rchicapellani
397 3388 626 3452 haereditarii
637 3390 673 3451 in
687 3398 785 3451 ante-

139 3514 200 3577 313
216 3513 374 3595 contulit,
396 3513 492 3594 quod
514 3512 657 3593 quidem
676 3512 786 3574 hono·

140 3656 232 3700 unus
248 3636 403 3698 obeundi
424 3635 494 3717 ipsi
517 3644 553 3697 et
573 3633 786 3697 successori-

139 3769 157 3822 .t
180 3757 333 3841 bceasio,
358 3759 472 3821 donec
492 3757 607 3821 Maria
628 3756 787 3820 Antonia

139 3882 178 3944 is
198 3881 381 3944 Francisci
396 3880 422 3944 I.
445 3889 482 3943 et
500 3880 638 3942 Mariae
655 3880 786 3942 There·

139 4024 192 4068 tae
212 4002 286 4065 filia
306 4015 392 4066 natu
411 4003 570 4084 minima,
592 4000 786 4065 Galliarum

139 4126 247 4209 phino
264 4126 492 4207 desponsata,
513 4145 606 4187 anno
627 4143 708 4203 1770
723 4143 788 4204 per

139 4246 389 4330 mBrisgoviae
401 4247 437 4310 in
449 4245 601 4310 Galliam
613 4246 787 4326 tenderet,

139 4369 219 4432 ibus
250 4368 463 4451 Brisgoviae
493 4368 626 4430 ibidem
657 4386 789 4449 magna

139 4503 282 4575 scepta:
313 4491 368 4554 cui
392 4491 427 4553 in
451 4492 556 4553 domo
580 4489 719 4553 comitis
743 4492 788 4552 de

860 708 980 762 renter
996 697 1157 780 expetiit.
1182 696 1348 762 Secunda
1369 697 1447 759 vice
1467 697 1563 760 idern
1582 697 1694 759 archi-

862 821 1037 904 capellani
1049 841 1176 883 munus
1189 840 1280 883 anno
1299 839 1377 900 1777
1392 820 1514 883 itidem
1527 819 1694 902 Friburgi

861 944 950 1007 obiit
977 944 1013 1007 in
1039 942 1190 1006 basilica
1217 942 1348 1025 insigni
1375 962 1478 1005 sacra
1509 942 1694 1005 celebrans

861 1086 979 1129 coram
996 1066 1211 1147 imperatore
1228 1065 1382 1148 Iosepho
1394 1065 1450 1146 11,
1466 1067 1527 1148 qui
1544 1086 1564 1128 e
1578 1064 1694 1129 Gallia

860 1189 974 1251 redux
995 1187 1193 1271 principem
1213 1187 1406 1252 Martinum
1427 1191 1473 1270 ad
1490 1190 1694 1272 adloquium

861 1310 898 1373 in
913 1310 1069 1392 hospitio
1086 1310 1231 1392 publico
1247 1311 1440 1375 admissum
1461 1312 1616 1395 benigne
1633 1333 1694 1376 ex-

862 1432 968 1514 cepit.
992 1432 1095 1495 Pium
1120 1441 1156 1495 et
1179 1442 1321 1515 gratum
1346 1433 1500 1496 animum
1524 1435 1558 1497 in
1583 1455 1694 1518 augu-

862 1565 954 1617 stam
987 1556 1129 1617 domum
1160 1554 1465 1638 Habsburgicam,
1497 1577 1694 1641 congrega-

862 1677 949 1740 tioni
970 1675 1251 1741 San-Blasianae
1276 1678 1552 1761 omnitempore
1575 1681 1694 1761 propi-

861 1799 958 1882 tiam,
975 1799 1118 1881 publico
1135 1799 1339 1864 testimonio
1352 1800 1631 1884 confirmaturus,
1649 1806 1695 1865 ab

862 1922 1087 2004 imperatrice
1104 1922 1219 1985 Maria
1236 1924 1407 1987 Theresia
1422 1924 1564 1987 veniam
1585 1925 1695 2008 impe·

862 2044 972 2108 travit
992 2055 1028 2107 et
1048 2055 1275 2128 potestatem,
1299 2045 1455 2110 familiae
1470 2047 1695 2131 Habsburgi·
1720 2014 1726 2029 Ι

863 2187 927 2231 cae
943 2166 1143 2250 principum
1160 2179 1196 2230 et
1212 2178 1425 2251 agnatorum
1443 2169 1628 2251 utriusque
1642 2191 1696 2234 se·

863 2310 932 2352 xus
947 2289 1116 2372 reliquias
1132 2300 1169 2354 et
1185 2310 1278 2373 ossa,
1300 2311 1392 2373 quae
1413 2292 1449 2354 in
1471 2293 1623 2356 ecclesia
1639 2315 1696 2357 ca-

863 2413 1016 2476 thedrali
1043 2413 1243 2476 Basileensi
1271 2423 1307 2476 et
1334 2413 1369 2476 in
1397 2415 1551 2478 ecclesia
1577 2436 1697 2479 mona·

864 2534 962 2598 sterii
975 2518 1271 2618 Kiinigsfeldensi
1287 2536 1323 2598 in
1335 2535 1505 2600 Helvetia
1521 2539 1696 2620 deposita,

865 2667 901 2720 et
917 2657 987 2720 iam
1003 2657 1063 2720 diu
1079 2657 1289 2721 inhonorata
1313 2668 1424 2740 erant,
1447 2678 1493 2722 ex
1515 2660 1594 2724 istis
1618 2681 1697 2723 aca-

864 2779 1003 2842 tholicis
1031 2779 1191 2842 ecclesiis
1217 2780 1252 2842 in
1277 2800 1407 2843 novum
1432 2782 1645 2845 catholicum
1669 2803 1696 2846 s.

823 2918 826 3057 y
864 2901 977 2964 Blasii
997 2902 1167 2984 templum
1190 2902 1437 2968 transferendi.
1463 2904 1564 2985 Quae
1585 2914 1698 2968 trans-

864 3023 950 3087 latio
966 3025 1118 3106 lugubri,
1128 3024 1290 3087 sollemni
1301 3034 1421 3088 tamen
1434 3045 1567 3108 pompa
1578 3025 1698 3110 fiebat,

864 3157 901 3210 et
924 3149 1037 3210 abbas
1061 3147 1236 3210 Martinus
1260 3147 1438 3229 pretiosas
1463 3149 1614 3213 exuvias
1639 3152 1700 3213 de·

863 3269 984 3351 posuit
1004 3270 1040 3332 in
1061 3271 1192 3333 sacello
1209 3272 1444 3334 subterraneo
1469 3292 1496 3334 S.
1513 3272 1698 3354 Leopoldi,

866 3392 961 3472 quod
977 3411 1042 3472 pro
1058 3391 1101 3454 iis
1118 3392 1333 3473 recipiendis
1350 3394 1385 3456 in
1398 3395 1535 3475 templo
1547 3414 1574 3456 s.
1588 3393 1700 3458 Blasii

866 3513 1002 3576 exstrui
1033 3522 1229 3576 curaverat.
1270 3513 1450 3577 Concione
1482 3515 1605 3579 habita
1634 3536 1700 3598 pro

866 3635 943 3698 istis
962 3634 1139 3698 defunctis
1156 3635 1325 3698 sollemne
1343 3635 1471 3699 missae
1489 3636 1699 3700 sacrificium

866 3758 944 3820 Deo
960 3757 1087 3837 litavit,
1110 3776 1152 3819 eo
1174 3757 1297 3820 maiori
1318 3756 1465 3838 pietatis
1485 3757 1636 3838 fervore,
1659 3779 1700 3820 ac

866 3880 936 3942 iam
953 3879 1086 3941 dudum
1103 3878 1139 3940 in
1154 3878 1253 3960 locis,
1271 3878 1332 3941 ubi
1348 3898 1469 3941 eorum
1482 3899 1632 3960 corpora
1648 3900 1701 3942 re-

867 4000 1011 4063 condita
1028 4009 1138 4081 erant,
1156 4000 1273 4063 nullae
1289 3998 1379 4063 fiunt
1391 4008 1456 4081 pro
1472 4000 1649 4064 defunctis
1665 4001 1701 4064 in

827 4190 829 4219 Ι
868 4121 1008 4185 Christo
1039 4141 1175 4221 preces.
1208 4121 1287 4203 Quo
1318 4122 1464 4203 pietatis
1491 4123 1702 4204 obsequium

868 4245 1060 4307 maioribus
1077 4244 1150 4307 suis
1167 4243 1373 4327 exhibitum,
1392 4265 1498 4327 quam
1511 4254 1653 4328 gratum
1666 4257 1702 4308 et

869 4378 1056 4448 acceptum
1072 4367 1139 4429 toti
1155 4367 1274 4429 domui
1290 4366 1568 4450 Habsburgicae
1584 4368 1701 4450 fuerit,

827 4512 830 4565 ῃ
868 4508 938 4552 non
955 4489 1061 4551 modo
1083 4499 1237 4571 augusta
1253 4489 1369 4552 Maria
1388 4489 1568 4571 Theresia,
1586 4492 1704 4554 sedet

139 4614 160 4676 k
195 4613 364 4695 princeps
394 4612 570 4676 Martinus
604 4621 643 4674 ut
677 4611 789 4674 archi·
828 4590 831 4671 i
862 4612 1004 4673 elector
1030 4610 1209 4690 palatinus
1237 4620 1273 4673 et
1300 4610 1467 4693 princeps
1493 4610 1703 4697 Oettingen-

139 4755 165 4799 ts
192 4755 295 4798 sacra
322 4734 531 4817 celebravit,
559 4735 605 4797 ad
631 4753 790 4796 mensam
870 4732 1101 4794 Wallerstein
1117 4731 1245 4794 litteris
1259 4733 1520 4796 humanissimis
1532 4744 1703 4798 testatum

160 4856 447 4920 benedictionem
469 4857 570 4938 dixit,
591 4856 712 4938 illique
729 4858 791 4918 ad·
829 4908 832 4915 ,
869 4852 1034 4933 fecere*).
1058 4853 1231 4916 Maiorem
1253 4855 1369 4918 adhuc
1390 4855 1563 4918 laetitiam
1581 4859 1704 4922 abbati

829 4944 832 5009 l

139 4999 167 5042 m
201 4979 322 5042 multis
358 4979 494 5060 primae
528 4978 724 5042 nobilitatis
755 4989 791 5040 et
830 5014 832 5021 ·

139 5122 145 5162 ⁵
175 5101 349 5183 convivis,
379 5104 551 5163 abbatum
575 5120 660 5163 vero
683 5101 789 5162 SOIUS·
829 5136 832 5200 ξ
959 5136 982 5199 *)
996 5135 1146 5199 Sequuntur
1158 5135 1264 5183 nomina
1277 5136 1425 5201 principum
1436 5144 1462 5185 et
1472 5136 1619 5201 principum
1632 5135 1706 5184 semi-

139 5225 177 5286 2d
190 5224 480 5307 prosequendum
491 5222 558 5284 iter
570 5222 639 5284 iam
653 5242 791 5285 cun-um
830 5248 832 5287 l
871 5238 963 5271 narum
983 5223 1075 5271 domus
1089 5221 1301 5284 Habsburgicae,
1321 5239 1431 5287 quorum
1444 5239 1504 5272 ossa
1517 5230 1543 5272 et
1556 5223 1659 5272 cineres
1672 5224 1706 5272 ab

830 5292 833 5341 Ι
871 5311 967 5359 abbate
987 5311 1102 5358 Martino
1125 5311 1160 5358 ud
1182 5326 1202 5358 s.
1218 5309 1335 5359 Blasium
1359 5310 1493 5369 translata,
1516 5326 1586 5360 nunc
1609 5311 1637 5361 in
1664 5326 1706 5360 ec·

139 5365 153 5409 3
174 5347 284 5409 Vellet
306 5364 406 5428 regla
427 5364 569 5426 sponsa’
594 5347 640 5406 ab
665 5345 791 5407 eodem
830 5404 833 5509 q
872 5396 954 5445 clesia
972 5397 1125 5446 monasterii
1149 5398 1183 5446 ad
1206 5412 1226 5445 s.
1246 5396 1356 5446 Paulum
1381 5399 1408 5446 in
1427 5397 1562 5447 Corinthia
1585 5399 1705 5462 deposita

139 5468 220 5530 ilem
241 5466 527 5529 benedictionem
551 5465 610 5546 pie
634 5474 670 5528 et
693 5485 792 5528 reve·
831 5520 834 5537 ,
872 5485 1024 5548 quiescunt:
