4088 6270
807 528 850 538 -
895 490 1079 553 LXXXV
1124 527 1166 536 -

164 731 239 803 atque
258 719 404 800 pedibus
428 717 668 782 consentirent
684 718 716 799 ¹).
763 717 863 798 Quae
887 737 944 779 ars
967 715 1145 779 scribendi
1168 716 1409 798 pingendique
1430 735 1500 777 non
1516 715 1630 778 minus
1646 716 1682 777 in
1699 713 1851 779 Slavicis

166 859 261 922 ordinis
279 857 388 920 nostri
410 856 634 921 monasteriis
658 859 893 919 exercebatur
908 876 1013 937 quam
1036 857 1072 918 in
1089 854 1288 919 Germanis.
1319 855 1408 917 Nam
1425 855 1718 936 pretiosissimum
1735 856 1851 917 Evan-

169 997 315 1080 geliarium,
338 1014 403 1079 per
427 997 522 1077 quod
546 998 724 1077 quondam
747 1015 853 1078 reges
877 994 1005 1059 Gallici
1029 996 1230 1058 diademate
1253 996 1367 1058 ornati
1397 995 1600 1058 iuraverant
1614 995 1653 1077 ²),
1687 995 1853 1058 tribuitur

170 1156 188 1198 s.
203 1134 348 1216 Procopio
381 1134 504 1197 abbati
531 1134 735 1197 monasterii
758 1136 804 1196 ad
827 1132 1011 1198 Sazavam.
1056 1133 1276 1196 Dietmarum
1305 1134 1548 1215 praepositum
1577 1134 1853 1196 Brea-'noviensis

171 1273 325 1336 nonasterii
348 1283 476 1356 postea
498 1275 667 1337 abbatem
683 1272 933 1337 Sazaviensem
954 1274 1099 1336 annales
1124 1283 1268 1336 narrant
1292 1273 1349 1335 die
1365 1293 1406 1335 ac
1423 1283 1528 1336 nocte
1544 1273 1715 1336 immenso
1730 1274 1852 1337 labore

171 1410 375 1492 conscripsisse
412 1412 520 1475 libros
558 1413 728 1486 slavicos;
768 1413 945 1494 iidemque
983 1414 1130 1475 annales
1167 1412 1404 1474 Boretechum
1443 1412 1603 1475 eiusdem
1642 1413 1849 1476 monasterii

172 1550 292 1612 abbatem
314 1550 484 1632 optimum
508 1561 639 1613 vocant
661 1551 834 1633 pictorem
848 1554 883 1631 ³).
929 1550 1022 1631 Quin
1050 1560 1169 1614 autem
1192 1551 1443 1613 monasterium
1467 1551 1734 1613 Brevnoviense
1758 1551 1853 1631 prin·

172 1706 230 1769 ceps
245 1710 262 1752 a
280 1689 425 1753 coloniis
456 1710 525 1753 non
556 1691 602 1753 sit
632 1699 852 1772 superatum,
882 1710 951 1754 non
980 1691 1175 1770 dubitatur,
1208 1691 1341 1772 quippe
1365 1692 1462 1771 quod
1485 1691 1635 1772 primum
1661 1690 1853 1752 Bohemiae

170 1826 348 1910 scriptorem,
377 1827 613 1891 Christianum
637 1830 863 1911 monachum,
899 1829 933 1891 in
957 1830 1030 1891 suis
1055 1840 1224 1891 numerat.
1272 1827 1495 1891 Clarissimus
1520 1829 1682 1890 Bavarus
1714 1831 1854 1909 (1294—

171 1968 234 2046 1322)
258 1970 364 2031 abbas
394 1977 507 2031 artem
538 1967 717 2030 scribendi
754 1969 873 2031 multis
909 1977 944 2030 et
975 1968 1114 2050 magnis
1143 1968 1312 2049 impensis
1340 1967 1476 2030 adiuvit
1490 1971 1524 2047 ⁴).
1570 1968 1610 2031 In
1640 1967 1855 2030 monasterio

165 2099 379 2188 Raigradiensi
413 2107 620 2188 praeposito
652 2108 789 2170 Thoma
820 2106 944 2171 Gallus
978 2109 1170 2170 monachus
1203 2107 1479 2170 Brea-’noviensis
1515 2109 1625 2190 (1313)
1662 2109 1856 2190 pretiosum

162 2239 368 2326 Antiphonale
392 2246 547 2327 scripsit,
571 2246 719 2327 eiusque
735 2265 921 2310 successor
936 2247 1042 2309 Vitus
1059 2246 1212 2309 confecit
1234 2247 1319 2308 illud
1337 2246 1556 2308 Breviarium
1573 2247 1856 2327 Benedictinum‚

159 2385 230 2458 quod
248 2383 334 2446 iuste
358 2403 449 2466 opus
472 2385 687 2467 praecipuae
711 2384 797 2446 artis
819 2385 971 2447 habetur
983 2385 1018 2466 ⁵).
1065 2385 1190 2447 Artem
1221 2384 1398 2447 scribendi
1426 2396 1462 2446 et
1490 2385 1660 2466 pingendi
1689 2386 1795 2448 etiam
1819 2386 1855 2447 in

157 2514 294 2586 Polonico
309 2523 523 2585 monasterio
539 2522 727 2585 Tineeensi
743 2541 823 2584 esse
844 2523 1077 2585 exercitatam
1093 2524 1198 2604 plane
1216 2523 1349 2585 indicat
1365 2520 1566 2585 Stanislaus
1583 2521 1855 2605 Sczygcelski0).

155 2653 190 2719 In
206 2660 396 2744 Hungariae
428 2661 651 2724 monasteriis
683 2662 773 2723 hanc
802 2670 913 2722 artem
946 2661 1076 2723 cultam
1107 2680 1185 2723 esse
1218 2663 1469 2742 comprobatur
1492 2661 1637 2743 vigente
1670 2661 1790 2725 schola
1821 2671 1857 2723 et

156 2793 233 2879 libro,
254 2801 310 2882 qui
333 2811 387 2864 est
411 2803 456 2863 de
482 2799 587 2881 ,Vita
610 2820 656 2862 ss.
673 2800 842 2862 Andreae
866 2810 903 2862 et
925 2798 1144 2880 Benedicti“,
1169 2820 1239 2861 as.
1264 2799 1390 2862 Mauro
1414 2800 1663 2882 conscriptor).

259 2939 478 3022 Quamquam
494 2939 590 3020 illud,
604 2941 698 3021 quod
713 2938 840 3020 ferunt,
858 2941 952 3001 solos
970 2940 1127 3020 clericoS,
1145 2939 1313 3020 imprimis
1330 2939 1390 3021 qui
1408 2940 1523 3002 secuti
1539 2940 1609 3003 sint
1626 2960 1652 3002 s.
1670 2940 1857 3003 Benedicti

158 3078 295 3158 regulam,
319 3079 455 3141 artibus
478 3078 683 3141 liberalibus
699 3086 818 3140 aetate
835 3078 951 3140 media
968 3097 1047 3140 esse
1065 3077 1216 3159 deditos,
1241 3078 1400 3140 exomni
1425 3087 1527 3160 parte
1551 3098 1621 3140 non
1646 3079 1813 3141 convenit
1823 3077 1856 3159 8),

162 3219 249 3278 tanen
270 3237 402 3300 negare
425 3237 496 3280 non
519 3237 717 3299 possumus,
745 3220 809 3281 hos
833 3217 1012 3299 simplices
1035 3219 1226 3280 monachos
1257 3217 1505 3280 ardentissimo
1537 3218 1653 3280 studio
1685 3238 1747 3280 eas
1779 3238 1857 3280 esse
1960 3301 1962 3311 Ι

163 3356 343 3435 conplexos.
388 3357 565 3421 Rationes
589 3358 682 3421 enim
705 3357 882 3420 Libitinae
906 3377 933 3421 s.
959 3357 1056 3419 Petri
1080 3355 1281 3439 Salisburgi
1305 3365 1580 3419 commemorant
1605 3354 1797 3419 Geroldum
1823 3365 1858 3419 et

166 3485 333 3559 l'dalricum
356 3497 523 3578 pictores,
548 3495 774 3558 Chunradum
798 3495 995 3575 incisorem,
1019 3493 1218 3559 Ortliebum
1243 3505 1280 3558 et
1303 3495 1532 3557 Pertholdum
1556 3492 1728 3574 aurificeS,
1752 3495 1858 3557 Hart-

168 3624 262 3695 liebum
284 3633 558 3716 carpentarium,
583 3632 807 3697 Guilielmum
831 3642 867 3696 et
890 3633 919 3695 F
921 3632 1108 3696 tidericum
1131 3633 1305 3714 lapicidas
1312 3683 1321 3714 ,
1350 3632 1545 3696 Erhardum
1569 3633 1769 3714 vitrarium,
1799 3633 1859 3714 qui

170 3781 256 3832 omncs
276 3772 310 3835 in
332 3773 392 3835 illo
416 3773 631 3836 monasterio
654 3784 829 3854 tempore,
861 3772 957 3853 quod
988 3772 1173 3835 interiacet
1202 3773 1293 3834 inter
1316 3791 1445 3834 annum
1474 3777 1555 3834 1160
1577 3781 1613 3834 et
1642 3775 1739 3850 1250,
1764 3782 1858 3833 artes

172 3920 362 3974 exercuerunt
375 3913 410 3990 ⁹).
457 3911 685 3973 Thiemonem
709 3912 877 3973 abbatem
901 3920 937 3972 et
961 3910 1282 3991 archiepiscopum,
1307 3910 1366 3991 qui
1389 3911 1483 3973 bello
1507 3930 1572 3992 pro
1595 3909 1665 3972 fide
1688 3920 1858 3990 suscepto

178 4059 230 4106 1102
249 4061 372 4134 martyr
395 4049 579 4130 occubuit,
608 4070 676 4112 non
707 4051 820 4111 solum
852 4049 886 4111 in
918 4057 1056 4131 septem
1087 4049 1223 4111 artibus
1251 4048 1472 4128 liberalibus,
1505 4050 1569 4111 sed
1593 4048 1699 4111 etiam
1723 4048 1757 4110 in
1781 4057 1858 4110 arte

176 4177 309 4269 pingendi,
332 4208 393 4252 aes
416 4187 598 4267 fundendi,
623 4189 807 4270 sculpendi
830 4187 941 4251 fuisse
957 4187 1137 4270 artificem,
1162 4188 1301 4270 magnis
1324 4187 1488 4250 laudibus
1512 4186 1624 4269 effert,
1649 4187 1709 4268 qui
1731 4186 1858 4249 librum

341 4404 344 4407 .
379 4402 437 4409 „⁴”-

268 4538 285 4617 ¹)
305 4543 415 4618 Egger,
439 4537 764 4598 Geschichtschreiber
786 4557 846 4594 von
868 4538 964 4595 Tirol.

267 4651 285 4729 ²)
304 4656 412 4723 Dudik‚
438 4656 570 4730 Raigern
593 4654 611 4709 l.
636 4673 662 4709 c.

268 4765 287 4844 ³)
306 4770 475 4828 Chronicon
499 4767 691 4825 Sazaviense.

269 4879 287 4958 4)
307 4882 513 4960 Ziegelbaucr‚
537 4881 652 4937 Histor.
677 4879 891 4935 Btcrnoviens.

270 4992 288 5072 5)
308 4997 415 5065 Dudik,
439 4996 571 5069 Raigern
596 4994 613 5049 l.
638 5011 664 5049 c.

270 5100 289 5181 ⁶)
308 5108 504 5186 Ziegelbauer
527 5107 545 5163 l.
570 5126 596 5163 c.
621 5106 657 5162 ΙΙ.

271 5218 289 5298 7)
309 5224 412 5281 Czinar
435 5224 453 5280 l.
479 5242 504 5279 c.

273 5325 463 5414 ⁸)Springer‚
488 5335 534 5391 De
558 5330 721 5389 artificibus
746 5328 899 5385 monachis
923 5341 952 5384 et
976 5328 1060 5384 laicis
1084 5326 1171 5383 medii
1195 5327 1270 5381 aevi.

272 5445 292 5523 9)
311 5450 439 5528 Sighart,
463 5448 561 5506 Mater
583 5446 641 5503 und
665 5443 828 5502 Malereieu
851 5441 904 5496 des
929 5440 1116 5496 Mirtelalters
1140 5441 1177 5494 im
1202 5435 1483 5511 Salzburgerlande.
