4034 6262
147 112 221 155 nem
240 91 328 173 ipse
352 94 468 156 abbas
484 93 609 156 Victor
624 92 787 155 Viennae
810 112 981 174 praesens
1019 98 1023 187 l
1060 93 1329 176 Nigrofanensis
1364 95 1511 176 petendi
1547 104 1629 176 post
1667 106 1815 157 mortem
1854 95 1893 156 P.

146 216 401 278 commendare
429 233 499 277 non
529 214 707 297 neglexit,
739 214 796 277 cui
827 216 981 278 maxime
1060 215 1177 278 Mauri
1193 215 1348 279 Voilsek
1363 237 1506 297 vacanS,
1524 217 1585 278 ubi
1601 217 1678 279 dies
1695 217 1791 279 vitae
1808 236 1894 279 suae

145 338 446 419 patrocinabatur
461 336 650 419 episcopus
662 336 870 413 Linciensis.
888 336 980 421 Spes
1061 338 1180 420 quiete
1197 339 1394 421 transigere
1413 341 1592 421 sperabat.
1617 340 1747 401 Animo
1769 339 1894 401 libenti

143 460 351 524 indubitata
362 459 470 541 facta,
480 479 560 522 eum
570 461 776 523 cathedram
784 469 979 523 nacturum.
1061 461 1185 524 annuit
1200 463 1313 524 abbas
1335 472 1371 524 et
1387 462 1432 523 ad
1448 461 1554 525 finem
1575 467 1654 540 1846
1675 463 1893 524 Benedictus

140 582 210 646 His
240 582 296 646 ita
317 582 552 679 praeparatis
584 582 802 646 Benedictus
835 583 981 646 advenit
1061 583 1213 646 Richter
1227 584 1273 646 ad
1289 583 1405 647 locum
1426 594 1677 666 praeoptatum
1700 594 1893 646 transmea-

141 704 387 788 Raigradium
411 724 439 784 7.
456 703 534 767 Oct.
557 709 633 783 1841
661 704 855 768 instructus
879 724 980 787 prae·
1060 705 1126 788 vit,
1155 707 1215 768 ubi
1239 706 1376 769 medias
1401 707 1493 769 inter
1520 707 1680 769 turbines
1704 708 1893 788 variasque

141 826 378 890 stantissimis
398 827 620 908 testimoniis,
644 827 773 909 quibus
798 831 911 890 abbas
934 829 981 890 ad
1061 828 1312 891 altercationes
1342 827 1449 890 officii
1475 828 1579 891 huius
1604 849 1746 910 quoque
1772 838 1893 910 partes

144 969 171 1012 s.
194 948 431 1032 Stephanum,
454 949 645 1032 episcopus
661 951 906 1033 Augustanus,
928 969 981 1012 re·
1061 950 1186 1012 eadem
1207 949 1381 1013 industria
1403 953 1599 1033 eodemque
1622 951 1761 1013 fervore
1784 951 1893 1012 adim-

1020 1013 1022 1035 .

143 1072 269 1155 gimen
282 1072 501 1154 provinciale
514 1081 551 1135 et
563 1071 981 1135 ministeriumBavariae
1020 1038 1022 1117 l
1061 1056 1188 1152 plevit',
1217 1072 1320 1134 sicuti
1346 1074 1503 1155 Brunae,
1529 1075 1717 1156 Augustae
1734 1073 1893 1135 Vindeli-

141 1193 221 1256 eius
235 1194 491 1256 dexteritatem
506 1194 541 1256 in
556 1195 718 1256 docendo
734 1203 770 1256 et
783 1193 980 1276 dirigend0,
1020 1126 1023 1317 t
1062 1214 1181 1256 corum
1206 1203 1242 1257 et
1267 1194 1438 1259 Viennae.
1472 1194 1609 1276 Quibus
1634 1195 1796 1258 omnibus
1821 1195 1893 1276 epi-

140 1328 287 1380 vastam
319 1316 568 1399 eruditionem,
599 1336 734 1379 morum
766 1317 981 1398 probitatem
1061 1335 1191 1397 scopus
1215 1316 1409 1379 Brunensis
1437 1318 1590 1400 gratiam
1617 1318 1737 1380 retulit
1765 1318 1892 1380 iterata

143 1450 211 1502 etc.
234 1448 405 1503 testatam
425 1439 597 1503 fecerunt.
628 1439 773 1502 Interim
797 1438 981 1501 consilium
1060 1439 1153 1519 vice,
1182 1458 1260 1500 cum
1285 1438 1520 1501 Benedictum
1548 1460 1640 1502 anno
1670 1444 1747 1501 1853
1778 1440 1892 1502 consi-

144 1561 244 1642 cepit
261 1562 388 1624 excell.
406 1561 450 1624 D.
468 1580 587 1623 comes
603 1561 841 1642 Mittrowsky,
859 1579 981 1642 supre-
1020 1534 1023 1551 ’
1061 1561 1160 1622 storii
1196 1561 1391 1623 Brunensis
1428 1561 1664 1624 consiliarium
1703 1562 1890 1641 titularem,

140 1704 222 1747 mus
239 1684 485 1766 cancellarius,
511 1703 590 1746 eum
615 1683 818 1764 adplicandi
842 1685 887 1744 ad
909 1693 981 1745 stu·
1065 1688 1145 1746 1858
1173 1703 1258 1746 vero
1288 1686 1461 1746 decanum
1486 1684 1722 1746 Rosicensem
1749 1693 1784 1745 et
1809 1684 1891 1745 visi-

142 1808 285 1870 diorum
303 1806 586 1870 commissionem
609 1807 760 1868 aulicam
781 1815 817 1868 et
839 1805 980 1886 quidem
1060 1817 1211 1869 tatorem
1233 1808 1432 1869 scholarum
1453 1807 1643 1869 trivialium
1670 1807 1704 1868 in
1729 1806 1891 1867 districtu

143 1949 210 2010 pro
228 1929 448 1992 elaborando
465 1948 558 1991 novo
572 1938 767 2011 systemate
784 1929 980 1991 studiorum
1019 1858 1022 1947 l
1060 1928 1252 1992 Rosicensi
1270 1928 1560 1992 denominaverit.
1584 1929 1708 2009 Neque
1728 1928 1890 2010 ampliori

141 2051 423 2136 gymnasiorum,
440 2053 486 2113 ad
499 2052 594 2133 quod
607 2071 733 2114 revera
749 2062 891 2133 praeter
908 2070 979 2113 om·
1059 2051 1195 2113 muneri
1206 2051 1287 2113 huic
1300 2050 1515 2131 praefectus,
1524 2051 1675 2113 Richter
1687 2050 1889 2130 superiores

144 2195 227 2238 nem
245 2173 535 2255 expectationem
552 2174 723 2237 altissima
739 2194 765 2236 s.
783 2173 980 2236 maiestatis
1059 2192 1143 2236 suos
1153 2172 1327 2245 destituit;
1338 2172 1533 2254 —spiritus
1543 2182 1888 2253 semperpromptus,

1018 2254 1021 2267 Ι

1018 2276 1021 2285 ι

143 2295 364 2359 resolutione
379 2298 450 2360 dt0.
465 2317 515 2373 24.
529 2295 741 2358 Novembris
758 2299 834 2375 1841
851 2316 979 2377 provo·
1060 2317 1142 2359 caro
1158 2316 1244 2359 vero
1259 2298 1343 2359 heu!
1365 2296 1469 2358 nimis
1490 2294 1627 2357 infirma
1649 2297 1888 2377 repugnabat;

144 2430 249 2482 catus
265 2427 332 2498 est,
352 2419 418 2481 hac
435 2428 555 2481 tamen
576 2419 793 2500 conditione,
815 2429 855 2481 ut
871 2418 980 2481 Vien-
1060 2418 1242 2481 doloribus
1273 2417 1461 2499 pericardii
1490 2428 1526 2480 et
1552 2418 1709 2498 pectoris
1742 2418 1889 2478 multum

143 2561 212 2605 nae
236 2540 444 2603 monasterii
467 2541 578 2603 nostri
607 2541 775 2621 expensis
802 2550 979 2603 sustenta·
1018 2520 1021 2597 l
1059 2561 1204 2623 pressus
1220 2542 1352 2604 frustra
1369 2542 1496 2604 iterato
1512 2542 1727 2603 medicorum
1744 2539 1889 2602 consilio

143 2674 260 2745 retur,
290 2665 404 2726 donec
431 2663 535 2725 aliter
562 2683 641 2725 cum
664 2663 743 2743 ipso
768 2664 980 2744 dispositum
1059 2683 1144 2726 usus
1162 2675 1226 2727 est.
1259 2663 1409 2746 Semper
1431 2663 1466 2726 in
1489 2661 1559 2726 fine
1584 2663 1720 2725 dierum
1748 2681 1889 2724 suorum

144 2786 262 2849 luerit.
287 2785 484 2866 Postquam
507 2785 685 2867 integrum
701 2806 830 2848 annum
850 2786 886 2848 in
908 2806 979 2849 mo·
1060 2783 1197 2847 infirma
1213 2794 1321 2866 atque
1339 2786 1446 2847 etiam
1462 2784 1793 2867 aegravaletudine
1813 2793 1890 2845 tan-

142 2908 304 2971 nasterio
335 2905 500 2971 Scotensi
533 2910 669 2990 degens
700 2908 735 2969 in
764 2908 859 2971 dicto
887 2929 980 2970 novo
1060 2909 1142 2970 dem
1158 2907 1257 2970 oneri
1272 2908 1467 2988 succubuit,
1490 2927 1536 2971 10.
1554 2908 1617 2971 Iul.
1640 2912 1730 2987 1859,
1748 2906 1888 2986 placide

143 3039 344 3114 systemate
372 3028 591 3093 conficiendo
616 3031 804 3093 desudavit
828 3040 864 3093 et
889 3051 979 3113 opus
1060 3030 1223 3111 spiritum
1250 3030 1329 3092 Deo
1356 3031 1528 3111 reddenS,
1560 3040 1595 3092 et
1626 3049 1691 3110 per
1721 3031 1889 3090 abbatem

144 3152 300 3235 perfecit
316 3154 362 3215 ad
379 3153 674 3234 complacentiam
690 3152 884 3215 altissimae
907 3162 980 3216 stu·
1060 3151 1296 3234 Guntherum,
1328 3172 1429 3215 suum
1458 3153 1635 3233 quondam
1667 3150 1887 3231 discipulum,

144 3276 285 3339 diorum
311 3275 578 3357 commissionis,
604 3275 751 3339 Octobri
780 3280 870 3355 1842,
899 3294 980 3356 pro·
1059 3295 1137 3337 cum
1160 3275 1281 3337 intimo
1303 3274 1596 3355 parochianorum
1617 3293 1730 3354 aeque
1755 3292 1795 3333 ac
1819 3270 1888 3333 fra-

143 3397 320 3462 sessuram
331 3397 513 3480 religionis
526 3408 562 3460 et
572 3397 823 3480 paedagogiae
837 3398 871 3459 in
885 3398 978 3462 univ.
1058 3406 1151 3460 trum
1179 3394 1214 3459 'et
1241 3397 1432 3459 amicorum
1459 3395 1565 3458 animi
1594 3415 1709 3475 sensu,
1737 3395 1888 3455 honesto

143 3519 343 3583 Viennensi
371 3519 526 3601 accepit,
557 3519 691 3601 primus
719 3540 738 3582 e
765 3519 979 3582 monasterio
1058 3521 1180 3583 funere
1211 3519 1398 3601 Nigrofani
1427 3519 1601 3580 humatur.
1630 3554 1671 3562 -
1702 3517 1887 3578 Benedicti

143 3651 284 3723 nostro,
309 3641 368 3723 qui
392 3641 499 3703 talem
523 3643 729 3704 cathedram
752 3643 978 3704 ascenderat!
1057 3642 1209 3704 Richter
1224 3642 1320 3704 vitae
1338 3641 1547 3702 curriculum
1564 3640 1809 3721 ephemerides
1826 3639 1889 3700 ite·

143 3765 216 3826 Ast
226 3762 361 3826 ultimis
370 3763 473 3826 annis
483 3763 768 3826 commorationis
777 3763 979 3826 suaeVien-
1057 3775 1136 3827 rata
1163 3765 1241 3827 vice
1264 3763 1506 3845 publicarunt,
1534 3762 1602 3823 sic:
1632 3762 1889 3843 ,Augsburger

143 3905 212 3949 nae
233 3884 340 3968 signa
356 3887 507 3948 obscura
524 3886 627 3949 nimis
652 3886 686 3949 in
711 3887 811 3949 coelo
835 3887 979 3968 politico
1058 3881 1887 3968 Postzeitung“et„Sion“ann01841,„Aehren-

144 4010 385 4073 ascenderant
406 4009 693 4089 perturbationes
714 4009 797 4072 anni
817 4014 897 4088 1848
919 4029 980 4072 an·
1018 3998 1021 4047 ¹
1059 4008 1152 4071 lese“
1175 4026 1269 4070 anno
1295 4011 1385 4087 1868,
1411 4006 1539 4089 ,Hlas“
1562 4006 1730 4069 idiomate
1755 4005 1888 4067 slavico

144 4131 364 4218 nuntiantia,
395 4134 442 4194 ob
470 4152 561 4214 quae
588 4145 780 4214 perspecta
807 4132 980 4195 Benedic-
1059 4150 1151 4192 anno
1166 4134 1325 4208 1859etc.
1348 4128 1520 4191 Articulis
1534 4147 1618 4190 vero
1632 4128 1750 4207 operis
1763 4126 1889 4188 summi

142 4266 202 4317 tus
223 4263 349 4317 noster
375 4263 494 4316 aetate
517 4253 738 4336 provectior,
764 4254 882 4318 divino
904 4253 980 4318 fere
1060 4252 1165 4334 pretii
1188 4251 1510 4334 „Biographisches
1526 4250 1704 4313 Lexicon“
1727 4271 1747 4311 a
1764 4249 1888 4310 Wurz·

144 4378 275 4440 ductus
303 4375 431 4457 spiritu
454 4394 546 4439 anno
572 4380 652 4455 1846
676 4375 793 4471 officio
817 4396 881 4439 suo
906 4386 980 4440 tam
1059 4374 1152 4436 bach
1168 4374 1253 4436 editi
1270 4374 1439 4435 insertum
1457 4393 1527 4435 non
1543 4372 1704 4435 occurrit.

143 4495 342 4560 honorifico
368 4496 569 4560 valedicere
600 4509 699 4561 ratus
728 4509 783 4561 est
810 4508 847 4560 et
874 4517 980 4561 curae
1017 4480 1021 4615 Ι
1146 4512 1267 4594 Opera
1298 4514 1391 4594 eius,
1428 4533 1519 4594 quae
1551 4513 1648 4595 typis
1681 4501 1889 4593 pro'dierunt

144 4618 345 4683 animarum
367 4619 462 4681 vires
488 4639 571 4683 suas
599 4620 765 4683 dedicare
795 4619 978 4682 consilium
1060 4644 1142 4698 sunt
1158 4636 1358 4717 sequentia:

144 4740 270 4804 tenuit.
288 4739 507 4803 Avidissime
521 4741 641 4824 itaque
652 4741 894 4805 occassionem
908 4761 980 4803 am·
1146 4761 1168 4820 1,
1191 4762 1275 4820 Rede
1296 4760 1370 4817 uber
1393 4761 1451 4817 den
1465 4759 1807 4824 portiuncula-Amase
1834 4777 1887 4831 ge-

143 4862 276 4943 plexus
301 4869 373 4942 est,
399 4881 524 4925 munus
549 4863 661 4926 curati
684 4856 980 4926 administratoris
1017 4830 1021 4931 l
1059 4867 1159 4924 halteu
1181 4870 1210 4923 in
1226 4866 1279 4923 der
1295 4865 1407 4922 Kirche
1423 4865 1477 4923 der
1493 4867 1664 4941 Kapuziner
1680 4883 1715 4919 zu
1731 4865 1831 4919 Briinn
1848 4864 1886 4917 im
