4088 6270
888 483 1172 572 ...538-

161 693 265 767 operis
289 693 443 748 materiem
468 704 598 747 tractare
621 709 681 747 non
705 688 760 746 luit
782 691 938 765 sapientis.
980 688 1098 746 Idcirco
1123 688 1369 765 inscriptionibus
1393 708 1519 766 operum
1543 688 1693 763 neglectis
1716 701 1834 745 autores
1853 708 1882 746 ex

161 796 295 871 ipsorum
325 794 494 853 nominibus
518 796 547 852 in
570 813 622 851 eas
650 794 805 851 retulimus
833 795 1006 868 systematis
1033 791 1267 868 bibliograpbici
1296 796 1476 868 categorias,
1509 795 1539 849 in
1562 811 1640 868 quas
1663 794 1727 849 suis
1756 792 1883 869 operibus

161 899 281 956 cadunt.
321 898 493 975 Systemate
516 912 614 955 autem
637 896 881 973 bibliographico
905 900 951 954 usi
975 916 1078 954 sumus
1095 916 1142 965 e0‚
1167 897 1249 972 quod
1266 918 1295 974 p.
1313 910 1334 954 t.
1352 899 1389 955 D.
1406 899 1473 954 Leo
1490 899 1623 966 Kuncze,
1648 895 1880 955 bibliothecarius

159 1003 197 1059 de
221 1023 245 1059 s.
267 1005 306 1060 M.
328 1005 401 1060 Pan.
424 1023 448 1060 s.
474 1017 494 1060 t.
520 1003 559 1059 illi
583 1003 729 1078 copiosae
752 1003 925 1058 monasterii
954 1003 1049 1077 ipsius
1071 1000 1275 1058 bibliothecae
1299 1004 1424 1077 egregie
1447 1002 1620 1076 composuit
1643 1012 1675 1056 et
1697 999 1881 1057 adhibuit.—

160 1105 222 1164 Sed
247 1108 297 1165 illo
321 1107 456 1164 adhibito
479 1126 528 1163 res
552 1109 618 1182 ipsa
646 1107 818 1162 necessario
842 1105 964 1162 adduxit
988 1124 1036 1173 eo,
1068 1119 1100 1162 ut
1123 1106 1212 1162 index
1235 1119 1341 1162 noster
1368 1106 1567 1181 amplificatus
1590 1117 1621 1161 et
1649 1104 1821 1181 dispertitus
1840 1109 1878 1162 sit.

158 1211 273 1288 Nempe
296 1231 431 1268 errorum
456 1225 547 1286 atque
570 1212 722 1277 vitiorum,
747 1227 825 1284 quae
848 1210 877 1264 in
902 1210 952 1265 tali
976 1211 1120 1266 materiae
1143 1208 1349 1285 disponendae
1372 1211 1489 1266 ratione
1512 1211 1660 1275 nimirum,
1685 1211 1753 1284 quis
1769 1208 1877 1274 dubitet,

158 1329 287 1383 exstant,
312 1334 460 1373 memores
476 1315 514 1372 ab
531 1318 576 1381 iis.
602 1316 652 1390 qui
678 1314 789 1386 legent,
814 1315 931 1369 veniam
955 1311 1298 1389 comprobationemque
1319 1332 1386 1369 cum
1408 1312 1508 1370 bonae
1531 1312 1697 1369 voluntatis
1722 1325 1781 1369 tum
1803 1331 1876 1370 curae

158 1418 313 1475 adhibitae
336 1418 476 1477 submissi
500 1421 639 1496 petimus
675 1418 750 1473 Nam
775 1431 806 1473 ut
830 1419 858 1473 in
882 1417 1076 1493 praefacione
1101 1416 1298 1492 concipienda
1322 1419 1362 1473 ita
1385 1418 1414 1473 in
1438 1430 1503 1473 toto
1528 1435 1622 1493 opere
1647 1415 1806 1474 scribendo
1826 1434 1877 1473 erat

160 1521 250 1579 nobis
275 1525 441 1581 inanimo:

855 1627 890 1684 U.
930 1626 951 1682 I.
993 1626 1031 1682 Ο.
1070 1625 1109 1682 G.
1148 1622 1204 1682 D.!

635 2187 663 2268 l.
708 2185 915 2269 INDEX
957 2185 1426 2268 PERSONARUM.

554 2613 594 2673 A·
1070 2594 1162 2644 Beckh
1182 2593 1279 2644 Vitalis
1299 2593 1332 2641 de
1352 2592 1502 2658 (Admont.)
1524 2604 1565 2656 17.

1069 2681 1153 2744 Bedly
1172 2681 1274 2730 Fidelis
1293 2680 1338 2744 (de
1357 2697 1378 2729 s.
1391 2682 1428 2728 M.
1443 2679 1519 2744 Pan.)
1541 2690 1581 2742 17.

162 2772 262 2835 Abday
279 2771 403 2819 Astricus
423 2770 467 2834 (de
487 2784 507 2818 ε.
520 2771 558 2818 Μ.
572 2769 648 2833 Pan.)
671 2781 691 2818 1.
1070 2765 1162 2817 Beked
1181 2767 1344 2816 Benedictus
1363 2765 1408 2832 (de
1427 2783 1447 2815 s.
1460 2769 1498 2816 M.
1511 2765 1588 2831 Pan.)
1627 2777 1650 2828 7.

160 2857 346 2907 Achleuthner
364 2856 520 2905 Leonardus
539 2856 669 2921 (Cnemis.)
692 2868 712 2904 1.
1070 2854 1180 2918 Benytk
1200 2855 1264 2903 Otto
1283 2853 1327 2917 (de
1347 2868 1367 2902 s.
1381 2856 1418 2902 M.
1432 2853 1508 2917 Pan.)
1530 2854 1570 2902 18.

161 2945 271 3009 Adolph
290 2944 443 2993 Meinrndus
463 2942 605 3007 (Scoteus.)
628 2956 649 2992 1.

161 3032 248 3080 Alber
266 3030 408 3081 Udalricus
428 3030 551 3095 (Mellic.)
571 3042 594 3078 2.

161 3117 301 3181 Allmayer
319 3117 461 3166 Udalricus
480 3116 661 3181 (Seitenstad.)
680 3130 704 3177 3.

163 3202 289 3267 Anchely
307 3203 483 3267 Ildephonsus
503 3204 547 3267 (de
566 3219 586 3251 s.
600 3206 637 3252 M.
651 3205 727 3269 Pan.)
748 3217 770 3264 3.

161 3290 290 3339 Audexer
307 3289 421 3339 Iacobus
440 3289 566 3355 (Fiecht.)
587 3303 609 3350 3.

161 3378 298 3426 Audorser
316 3378 458 3426 Caietanus
478 3376 600 3441 (Mellic.)
619 3389 643 3436 4.

161 3464 285 3528 *Arigler
302 3463 462 3513 Altmannus
482 3463 621 3528 (Gottvic.)
641 3476 665 3523 4.

161 3551 302 3600 Aschauer
320 3550 444 3600 Placidus
464 3549 578 3615 (Gottv.)
598 3563 621 3610 4.

1070 2944 1170 3004 Berger
1188 2941 1334 2991 Luitsridus
1353 2940 1494 3005 (Murcus.)
1515 2941 1554 2989 18.

1070 3031 1170 3091 Berger
1189 3027 1331 3077 Othmarus
1350 3027 1501 3093 (Admont.)
1523 3028 1563 3076 18.

1070 3115 1246 3179 Bethandslcy
1264 3115 1390 3164 Placidus
1408 3113 1527 3179 (Salisb.)
1551 3127 1589 3175 19.

1071 3202 1171 3253 Bemdl
1190 3205 1297 3250 Maurus
1318 3200 1515 3265 (Michaelbur.)
1537 3214 1576 3262 19.

1070 3288 1235 3353 Bertalanffy
1253 3288 1420 3338 Theodosius
1440 3287 1484 3352 (de
1503 3303 1523 3337 s.
1536 3290 1575 3337 M.
1589 3287 1668 3351 Pan.)
1691 3300 1728 3347 19.

1071 3379 1192 3439 Besauge
1211 3376 1390 3439 Hieronymus
1410 3374 1540 3439 (Cremii.)
1562 3387 1602 3434 19.

1071 3463 1206 3513 Bezdieka
1223 3462 1367 3511 Anselmus
1386 3462 1510 3527 (Emaut.)
1531 3474 1571 3511 20.

1071 3551 1217 3599 Bierbauer
1236 3550 1388 3613 Leopoldus
1408 3550 1451 3613 (de
1471 3565 1491 3598 s.
1504 3551 1543 3598 M.
1555 3548 1634 3613 Pan.)
1655 3561 1696 3598 21.

162 3638 281 3687 Auboek
299 3638 441 3688 Udalricus
462 3638 592 3702 (Cremis.)
613 3649 636 3700 5.
1072 3638 1173 3687 Binder
1191 3637 1315 3686 L'rbauus
1334 3637 1464 3701 (Cremil.)
1485 3648 1526 3685 21.

161 3726 286 3788 Avagian
305 3725 461 3773 Adeodatus
480 3725 631 3790 (Mechith.)
653 3736 675 3789 5.
1072 3726 1164 3773 Binter
1182 3724 1301 3773 loachim
1321 3722 1459 3789 (Murcus.)
1480 3736 1521 3772 22.

161 3811 298 3874 Argerinn
317 3811 444 3860 Nicolnus
464 3811 614 3877 (Mechith.)
636 3823 658 3874 5.
1072 3811 1262 3860 Bischosreiter
1281 3811 1412 3859 Martinus
1431 3810 1551 3875 (Salisb.)
1574 3822 1616 3859 22.

161 3898 298 3960 Aydinian
316 3898 448 3947 Arsenius
468 3898 619 3962 (Mechith.)
640 3908 662 3961 5.
1072 3897 1247 3961 Bischowsky
1265 3899 1373 3946 Maurus
1392 3897 1574 3961 (Seitenstad.)
1596 3909 1636 3945 22.

164 3973 310 4033 minaria
327 3985 465 4034 Aristaces
485 3984 634 4048 (Mechith.)
655 3983 678 4033 6.
1072 3986 1132 4034 Bita
1151 3984 1306 4033 Desiderius
1326 3983 1368 4047 (de
1389 4000 1408 4031 s.
1422 3986 1459 4032 M.
1472 3985 1550 4049 Pan.)
1570 3996 1612 4033 22.

1073 4071 1176 4121 *Bloch
1196 4072 1355 4120 Ambrosius
1374 4070 1512 4135 (Murens.)
1533 4083 1575 4131 23.

554 4178 593 4238 B·
1074 4159 1158 4208 Bloch
1178 4159 1332 4207 Meiuradus
1352 4156 1491 4223 (Murens.)
1511 4169 1552 4218 23.

1073 4246 1248 4308 Blumberger
1266 4244 1417 4293 Fridericus
1437 4242 1575 4308 (Gottric.)
1613 4256 1637 4304 4.

165 4331 269 4380 Bnader
288 4333 395 4379 Marcus
415 4332 445 4395 (s.
459 4330 546 4395 Paul.)
566 4332 589 4379 8.
1074 4331 1205 4381 Boeckhn
1223 4331 1349 4380 Placidus
1370 4330 1489 4395 (Salisb.)
1510 4341 1550 4394 25.

164 4418 346 4467 ***Babiltian
363 4419 521 4467 Adeodatus
541 4417 691 4482 (Mechith.)
711 4419 735 4467 8.
1074 4422 1193 4484 Boppert
1213 4419 1349 4468 Conradus
1368 4419 1400 4483 (s.
1414 4418 1500 4483 Paul.)
1521 4418 1562 4467 26.

164 4501 240 4568 Bltdy
259 4507 375 4554 Isidorus
394 4506 437 4570 (de
457 4523 477 4554 s.
491 4508 528 4554 M.
542 4505 618 4568 Pau.)
641 4518 679 4554 10.
1034 4514 1036 4591 4
1075 4506 1191 4570 Borbely
1210 4506 1348 4554 Cornelius
1367 4505 1411 4570 (de
1430 4521 1451 4555 s.
1463 4508 1501 4554 M.
1514 4505 1593 4570 Pan.)
1612 4517 1654 4567 27.

165 4591 251 4654 Bajtsi
270 4592 384 4640 Iacobus
403 4592 447 4656 (de
466 4608 486 4641 s.
500 4595 537 4641 M.
551 4591 627 4656 Pan.)
650 4604 688 4641 10.
1074 4593 1229 4657 Borovszky
1247 4592 1401 4641 Leouardus
1421 4592 1465 4656 (de
1483 4608 1504 4641 s.
1516 4594 1555 4641 M.
1568 4592 1646 4657 Pan.)
1667 4591 1706 4640 28.

164 4672 244 4725 Balds
264 4677 428 4742 Theophilus
448 4679 491 4743 (de
511 4696 530 4728 s.
544 4681 581 4727 M.
595 4679 671 4740 Pan.)
695 4691 732 4727 10.
1074 4681 1211 4730 Borschke
1230 4680 1354 4728 Andreas
1374 4679 1518 4745 (Scotens.)
1538 4680 1578 4729 28.

164 4762 325 4827 ***Balgian
343 4764 498 4816 Alexander
517 4765 668 4831 (Mechith.)
692 4778 729 4815 12.
1074 4769 1218 4831 Borsinger
1235 4771 1349 4816 Ioannes
1368 4768 1417 4814 Et.
1436 4765 1577 4831 (Murens.)
1598 4779 1638 4827 29.

164 4850 258 4914 Ballay
276 4851 401 4901 Valerius
421 4852 464 4915 (de
483 4870 504 4902 s.
517 4855 554 4901 M.
568 4853 644 4916 Pan.)
668 4865 705 4901 12.
1075 4854 1221 4916 ***Bosagi
1240 4855 1353 4903 Iacobus
1373 4853 1522 4918 (Mechith.)
1542 4866 1584 4914 29.

165 4937 281 4987 ''Bauics
300 4940 456 4988 Dominicus
476 4941 520 5007 (de
539 4955 559 4990 s.
574 4942 610 4988 M.
624 4939 700 5004 Pau.)
723 4952 761 5000 13.
1074 4939 1201 5005 Bosnyaik
1219 4942 1380 4990 Benedictus
1400 4941 1444 5006 (de
1465 4956 1485 4990 ε.
1498 4943 1536 4989 Μ.
1550 4941 1628 5004 Pan.)
1647 4954 1688 5002 31.

164 5025 306 5074 Barbarics
324 5026 482 5076 Valentinus
502 5028 545 5091 (de
565 5044 584 5076 s.
599 5030 636 5076 M.
650 5027 726 5090 Pau.)
749 5038 787 5087 13.
1074 5030 1184 5077 Bossart
1202 5029 1344 5078 Othmarus
1363 5027 1502 5094 (Murcus.)
1522 5040 1564 5089 31.

165 5113 280 5176 Barbely
298 5115 422 5162 Astricus
441 5113 485 5178 (de
506 5129 526 5162 s.
540 5116 576 5162 M.
590 5114 667 5179 Pau.)
690 5126 729 5173 14.
1074 5115 1197 5164 Breither
1216 5115 1379 5180 Rudolphus
1398 5115 1555 5179 (Lambert.)
1575 5127 1616 5176 31.

165 5200 304 5248 Baumauu
322 5200 462 5250 Michaelis
482 5200 625 5266 (Scotens.)
648 5213 687 5261 14.
943 5251 948 5261 .
1075 5203 1288 5266 *Brestyenszky
1307 5202 1472 5252 Adalbertus
1492 5203 1535 5267 (de
1554 5217 1575 5252 s,
1588 5205 1627 5252 M.
1640 5200 1714 5267 Pan.)
1732 5213 1770 5261 31.

166 5288 344 5351 Baumgarten
362 5289 502 5337 Amandus
522 5287 651 5352 (Cremis.)
674 5299 712 5350 15.
1075 5291 1192 5352 Breunig
1210 5290 1394 5338 Ferdinandus
1413 5290 1556 5356 (Scotens.)
1576 5302 1619 5351 32.

167 5373 359 5436 Baumgartner
377 5378 517 5424 Romanus
537 5374 735 5439 (Michaelbur.)
757 5376 796 5424 16.
1074 5377 1174 5439 Breyer
1192 5380 1273 5439 Hugo
1293 5376 1323 5441 (s.
1338 5376 1424 5440 Paul.)
1443 5389 1484 5438 32.

167 5459 322 5510 Bautraxler
340 5462 473 5516 Gerardns
493 5461 675 5526 (Seitenstad.)
697 5461 736 5511 16.
1075 5463 1274 5512 Biilbiidschian
1293 5466 1387 5531 Petrus
1406 5463 1558 5529 (Mechith.)
1577 5476 1619 5525 33.
