4088 6270
888 482 1170 551 —180—

158 704 313 748 summos
341 685 492 746 honores
522 692 728 766 provectus,
759 702 895 746 summa
921 683 990 747 sibi

158 826 227 888 ope
243 806 447 869 enitendum
464 823 544 868 esse
558 806 917 886 contendendumque
934 824 989 867 ar·

157 929 310 992 11111111
323 938 387 1010 est,
400 936 439 991 ut
452 936 488 990 et
500 927 586 991 illud
600 928 820 1009 praeclarum
833 947 860 992 s.
874 927 989 991 Bene-

44 1086 48 1091 ·
159 1050 254 1132 dicti,
279 1058 318 1113 ut
340 1050 376 1113 in
397 1050 559 1113 omnibus
575 1048 794 1133 glorificetur
808 1049 918 1130 Deus,
942 1050 988 1112 ad

158 1172 324 1236 effectum
339 1174 552 1255 perduceret
573 1181 609 1235 et
629 1172 793 1236 asceterii
809 1171 878 1234 sibi
894 1191 989 1235 com·

158 1294 256 1357 missi
271 1293 377 1357 saluti
392 1313 583 1376 numquam
600 1313 670 1356 non
686 1294 845 1357 studiose
862 1312 989 1358 consu-

157 1417 257 1480 leret.
293 1416 398 1499 Quod
426 1426 613 1498 utrumque
641 1425 774 1497 quanta
801 1437 880 1479 cum
907 1436 990 1498 pru-

159 1541 280 1603 dentia
307 1548 512 1621 quantaque
541 1539 756 1603 dexteritate
781 1539 904 1623 egerit,
929 1541 990 1602 do·

158 1671 323 1726 cumento
342 1661 578 1743 pulcherrimo
603 1680 682 1724 esse
704 1640 855 1743 possunt
873 1661 990 1745 gratia

157 1785 236 1867 Dei,
253 1804 346 1867 quae
363 1803 442 1846 eum
458 1803 572 1866 usque
593 1784 708 1846 adhuc
730 1781 918 1846 manifeste
936 1791 991 1845 est

158 1918 299 1989 secuta,
325 1925 424 1969 amor
454 1905 601 1968 fratrum
628 1904 664 1967 in
691 1904 857 1968 dilectum
888 1923 991 1986 prae·

158 2030 271 2092 sulem
287 2044 496 2111 propensus,
518 2045 646 2108 resque
662 2026 866 2089 monasterii
883 2027 930 2088 ab
947 2044 990 2088 eo

158 2163 345 2235 tantopere
362 2158 498 2213 auctae.
522 2143 624 2211 Haec
640 2167 726 2210 vero
743 2147 819 2211 eius
835 2149 990 2231 pruden-

157 2275 223 2357 tia,
249 2294 320 2357 qua
344 2275 452 2336 rebus
479 2271 683 2335 monasterii
707 2270 896 2352 consuluit,
920 2289 990 2333 non

158 2406 296 2461 tantum
326 2395 358 2459 ei
386 2412 528 2457 suorum
556 2394 620 2456 sed
648 2401 852 2456 exterorum
883 2392 990 2455 etiam

158 2519 284 2582 merito
300 2516 581 2581 conciliaverunt
595 2513 701 2578 fidem
722 2523 759 2577 et
774 2514 991 2578 aestimatio-

158 2659 248 2703 nem.
269 2640 395 2721 Itaque
411 2637 555 2719 lactum,
576 2646 616 2699 ut
632 2657 661 2700 c.
678 2657 704 2700 1.
721 2656 778 2718 ap.
794 2635 991 2699 maiestatis

158 2761 338 2825 Francisci
366 2759 509 2843 Iosephi
544 2758 768 2841 imperatoris
801 2767 837 2820 et
867 2757 991 2840 inclyti

158 2883 340 2968 regiminis
352 2882 533 2946 Austriaci
546 2879 767 2944 consiliarius
779 2880 990 2962 nominatus,

159 3028 239 3072 cum
274 3006 486 3089 inclytorum
522 3003 683 3065 ordinum
722 3001 990 3085 provincialium

159 3129 329 3194 Austriae
345 3126 521 3190 inferioris
539 3146 561 3188 a
577 3125 752 3188 selectior.
766 3123 913 3186 consilio
930 3125 991 3186 ad·

158 3253 291 3317 hibitus
304 3249 467 3333 deputati
479 3267 624 3311 munere
635 3246 855 3330 fungeretur,
868 3246 925 3309 die
943 3251 989 3309 ro.

160 3376 256 3457 Aug.
274 3378 355 3452 1870
372 3371 580 3454 designatus
598 3370 644 3432 sit
659 3368 866 3451 provinciae
878 3388 990 3431 mare-

159 3496 325 3560 schallus.
343 3494 456 3575 Quem
469 3511 627 3555 summae
639 3491 824 3574 dignitatis
839 3493 990 3573 gradum

160 3618 278 3703 gratia
293 3614 537 3698 augustissimi
550 3612 773 3695 imperatoris
786 3612 990 3694 identidem,

161 3752 197 3806 et
219 3740 324 3805 tertia
345 3739 423 3801 vice
440 3756 533 3799 anno
553 3739 633 3815 1878
658 3754 875 3817 concessum,
900 3736 991 3797 adeo

161 3863 307 3947 egregie
336 3859 502 3923 sustinuit
533 3877 599 3921 nec
630 3876 700 3919 non
732 3876 845 3939 usque
875 3857 991 3919 adhuc

156 3986 264 4070 gerit,
288 3993 327 4046 ut
352 3983 428 4066 ipse
449 3981 721 4064 augustissimus
739 3981 907 4043 Austriae
929 3980 992 4042 im-

161 4117 307 4190 perator
321 4105 388 4168 viri
404 4113 592 4185 tantopere
609 4104 654 4166 de
666 4122 704 4166 re
717 4103 860 4185 publica
877 4103 992 4166 meriti

162 4238 291 4311 pectus
314 4245 417 4289 cruce
434 4225 591 4307 equestri
607 4225 740 4287 ordinis
757 4220 993 4289 0011111111-

162 4370 244 4413 reae
256 4348 300 4412 II.
314 4348 356 4411 cl.
373 4348 430 4409 die
448 4369 472 4409 1.
485 4346 591 4410 Mart.
608 4351 689 4427 1874
704 4347 881 4410 decorarit
897 4366 993 4409 eum-

163 4492 232 4554 que
260 4470 379 4534 curiae
402 4469 612 4551 optimatum
640 4471 686 4532 ad
711 4469 787 4533 dies
810 4470 907 4533 vitae
931 4471 992 4532 ad-

162 4592 346 4676 scripserit
365 4592 455 4654 Nov.
481 4596 571 4671 1875.
602 4591 709 4654 Anno
733 4596 813 4671 1879
834 4613 855 4654 a
874 4591 993 4655 celsis-

163 4717 251 4779 simo
276 4714 443 4778 Austriae
473 4714 643 4796 regimine
669 4716 804 4778 electus
826 4715 908 4797 fuit,
933 4715 992 4797 qui

163 4836 408 4919 subpraesidis
424 4848 568 4899 munere
584 4835 619 4898 in
636 4856 811 4899 consensu
828 4837 992 4919 virorum,

164 4959 225 5042 qui
242 4959 415 5021 communi
432 4958 601 5021 Austriae
616 4957 898 5041 Hungariaeque
914 4978 993 5042 reg-

164 5098 289 5142 norum
320 5099 449 5142 causae
480 5079 695 5162 utilitatique
732 5080 993 5161 consuluerunt,

43 5271 61 5293 1,
165 5186 301 5266 Pestini
315 5201 543 5286 iungeretur.
567 5202 704 5266 Multae
728 5212 916 5285 praeterea
939 5223 995 5265 so-

166 5323 315 5386 cietates
332 5333 368 5386 et
383 5322 599 5387 scientificae
621 5335 657 5387 et
678 5325 724 5386 ad
740 5324 994 5386 humanitatem

165 5453 386 5526 spectantes,
417 5465 497 5509 eum
529 5446 596 5509 sibi
623 5446 782 5509 sodalem
814 5446 994 5508 addidere.

1071 683 1207 766 Quibus
1224 704 1308 747 vero
1325 694 1397 748 tarn
1418 686 1539 749 multis
1563 687 1718 769 publicis
1738 690 1843 771 privati

1070 826 1140 888 que
1166 807 1320 889 negotiis
1351 818 1460 891 atque
1488 810 1709 894 muneribus,
1740 832 1843 894 quami

1070 948 1186 1010 paene
1203 931 1351 992 obrutus
1368 929 1415 993 sit
1430 931 1485 994 vir
1501 932 1735 1016 septuaginta
1750 933 1843 999 ferea

1069 1071 1203 1134 norum,
1218 1061 1336 1115 tamen
1345 1054 1440 1115 bona
1453 1055 1803 1137 sempervaletudine
1810 1079 1843 1121 us

1069 1194 1249 1257 nunquam
1273 1195 1343 1238 non
1365 1176 1453 1238 satis
1473 1177 1600 1240 virium
1621 1178 1742 1260 habet,
1764 1180 1843 1243 utll

1069 1295 1208 1360 fautore
1228 1298 1396 1362 abbatiae
1412 1297 1576 1363 Scotensi
1597 1300 1714 1382 possit
1736 1321 1843 1384 praees

1070 1419 1116 1480 ad
1132 1420 1261 1482 multos
1278 1422 1393 1483 adhuc
1410 1441 1532 1485 annos.

1156 1558 1197 1620 In
1213 1559 1336 1641 primis
1351 1560 1509 1625 fervidus
1525 1562 1627 1625 verbi
1645 1564 1755 1626 divini
1769 1583 1843 1647 prae

1070 1699 1135 1743 nec
1152 1700 1222 1743 non
1235 1701 1261 1744 s.
1275 1692 1416 1764 patrum
1429 1683 1643 1767 scriptorum
1656 1686 1843 1768 peritissimi

1070 1802 1167 1887 typis
1185 1804 1311 1868 edidit:

1158 1950 1180 2005 l.
1205 1950 1376 2007 Conciones
1400 1953 1429 2007 in
1448 1949 1555 2008 diebus
1576 1951 1663 2010 lestis
1689 1972 1729 2010 ss.
1752 1953 1842 2029 Leopo

1071 2065 1102 2110 11
1117 2052 1278 2129 Stephani:
1302 2054 1358 2111 Α111
1380 2056 1472 2113 Feste
1495 2056 1549 2113 des
1573 2057 1601 2114 h.
1623 2057 1773 2134 Leopold‚
1791 2057 1843 2114 Beic

1071 2159 1174 2232 tigerS,
1191 2158 1386 2233 Markgralen
1407 2161 1436 2216 in
1453 2160 1660 2218 Oesterreich.
1684 2161 1741 2218 Am
1761 2176 1801 2235 15.
1814 2161 1843 2217 N<

1075 2262 1155 2336 1839
1180 2265 1209 2318 in
1232 2264 1286 2320 der
1306 2262 1409 2321 Stilts·
1433 2263 1492 2320 und
1513 2263 1707 2322 Plarrkirche
1727 2265 1777 2322 der
1793 2265 1843 2321 Hoc

1071 2369 1227 2443 wlirdigen
1244 2368 1340 2443 regul.
1358 2368 1409 2424 lat.
1426 2369 1619 2426 Chorherren
1634 2369 1689 2427 des
1705 2371 1733 2426 h.
1749 2369 1843 2444 August

1071 2492 1107 2528 zu
1130 2471 1404 2547 Klosterneuburg.
1429 2473 1572 2541 Viennae,
1594 2473 1686 2547 1839,
1704 2475 1779 2550 typis
1793 2473 1843 2530 Can

1071 2574 1195 2633 Gerold.
1212 2610 1255 2618 —
1270 2575 1326 2632 Am
1339 2577 1363 2632 F
1366 2590 1430 2632 este
1444 2575 1497 2633 des
1510 2576 1539 2632 h.
1549 2574 1723 2652 Stephanus
1735 2577 1784 2634 des
1794 2588 1843 2633 ersn

1071 2682 1237 2755 Martyrers
1264 2680 1322 2736 und
1349 2678 1597 2756 Schutzheiligen
1624 2680 1680 2738 der
1706 2682 1724 2738 l.
1751 2678 1843 2737 15111

1072 2784 1262 2841 Plarrkirche
1284 2805 1319 2840 zu
1340 2784 1451 2841 Baden.
1476 2784 1532 2841 Am
1549 2783 1601 2842 26.
1619 2786 1693 2842 Dec.
1715 2785 1785 2859 1852
1800 2782 1843 2840 ebe:

1071 2888 1205 2946 daselbst
1221 2903 1434 2964 vorgetragen.
1458 2890 1602 2955 Viennae,
1624 2888 1715 2962 1853,
1732 2891 1801 2966 typis
1813 2888 1843 2944 Fe

1071 2994 1190 3051 dinandi
1209 2994 1329 3052 Ullrich.

1157 3127 1194 3182 Il.
1212 3126 1383 3183 Conciones
1398 3144 1456 3202 pro
1472 3124 1580 3182 diebus
1595 3112 1807 3184 anniversariis:
1822 3121 1843 3178 h

1071 3230 1341 3286 Restaurations-F
1344 3243 1408 3286 este
1417 3230 1470 3286 der
1479 3229 1591 3287 Kirche
1600 3224 1843 3305 derBdrgerspiui

1070 3335 1270 3409 Versorgung
1292 3354 1328 3389 zu
1353 3333 1398 3390 St.
1419 3334 1505 3392 Marx
1531 3337 1560 3390 in
1581 3334 1682 3392 Wien.
1713 3334 1765 3391 Am
1784 3330 1843 3388 11111

1071 3437 1227 3513 Sonntage
1248 3439 1324 3495 nach
1346 3439 1498 3513 Pfingsten
1520 3454 1733 3514 vorgetragen.
1756 3438 1843 3495 Vienna

1076 3542 1165 3616 1841.
1183 3545 1216 3599 ln
1233 3563 1309 3600 com.
1327 3545 1407 3621 apud
1424 3544 1530 3618 Mayer
1546 3557 1576 3600 et
1592 3563 1691 3620 comp.
1707 3576 1749 3585 —
1761 3542 1803 3598 Bei
1815 3536 1843 3592 du

1068 3648 1234 3723 jahrlichen
1255 3648 1422 3705 Dankleste
1445 3647 1499 3704 des
1520 3647 1816 3704 Kranken·lnstitutes
1829 3639 1843 3695 li

1071 3753 1375 3828 Handlungscommis
1407 3754 1436 3809 in
1468 3753 1567 3809 Wien.
1610 3752 1843 3827 vorgetragenu

1072 3858 1331 3932 Psrngstmontage
1343 3856 1401 3912 den
1415 3871 1461 3913 12.
1472 3857 1531 3912 Mai
1546 3855 1637 3929 1845.
1650 3857 1785 3922 Viennae,
1799 3848 1843 3919 184;

1072 3964 1152 4037 typis
1169 3980 1316 4036 congreg.
1332 3960 1475 4017 Mechith.

1159 4093 1210 4149 III.
1237 4092 1407 4149 Conciones
1428 4110 1483 4167 pro
1505 4093 1644 4167 primitiis
1665 4104 1696 4148 11
1711 4085 1843 4148 secundini

1071 4198 1128 4254 Am
1152 4211 1282 4253 neunten
1306 4194 1463 4270 Sonntage
1484 4195 1560 4252 nach
1582 4195 1750 4271 Pstngsten,
1772 4192 1808 4248 als
1827 4185 1843 4241 d*

1073 4303 1152 4358 Herr
1173 4302 1204 4357 P.
1221 4302 1350 4376 Magnus
1366 4298 1487 4365 Bobies,
1510 4318 1537 4356 0.
1555 4319 1579 4356 ε.
1597 4300 1630 4356 Β.
1653 4292 1842 4378 (8101111111

1073 4420 1170 4463 erstes
1200 4406 1327 4480 heiliges
1358 4403 1529 4480 Messopler
1560 4402 1638 4461 Gott
1669 4402 1793 4461 leierlich
1815 4396 1843 4452 d2'

1072 4509 1207 4567 braehte.
1231 4510 1375 4575 Viennae,
1404 4507 1494 4581 1841,
1521 4510 1601 4584 typis
1623 4509 1715 4567 Ulrici
1735 4502 1843 4581 Klopi-

1073 4618 1132 4672 Zur
1152 4613 1405 4673 Secunda-Peior
1429 4613 1483 4670 des
1507 4615 1607 4670 Herrn
1632 4613 1664 4670 P.
1688 4605 1843 4670 Martiale

1073 4720 1183 4788 sebert,
1205 4718 1493 4795 Capitularpriester
1514 4718 1572 4774 und
1594 4715 1705 4776 Senior
1725 4705 1843 4774 dessein

1073 4824 1230 4890 Schotten,
1243 4822 1483 4880 Planrverweser
1495 4843 1530 4879 zu
1543 4822 1589 4880 St.
1604 4823 1715 4888 Ulrich,
1734 4823 1815 4878 Ritter
1825 4809 1843 4865 d*

1074 4930 1169 4984 Franz
1185 4928 1463 5004 Josephs·0rdens,
1480 4925 1622 4984 bischofl.
1636 4918 1843 4985 Consistorialm

1074 5052 1109 5087 zu
1126 5032 1269 5100 Tarnow,
1286 5050 1333 5087 am
1355 5045 1401 5104 15.
1414 5032 1491 5088 Nov.
1510 5030 1590 5105 1870
1607 5013 1843 5088 1111111Ρ11111111ει

1074 5156 1109 5193 zu
1138 5134 1182 5192 St.
1209 5135 1320 5194 Ulrich.
1352 5132 1496 5202 Viennae,
1529 5134 1621 5209 1870,
1650 5138 1728 5213 typis
1752 5117 1843 5200 congsei

1075 5241 1215 5298 Mechith.
1243 5274 1285 5282 -
1312 5242 1371 5297 Zur
1395 5239 1651 5297 Secundiz·Feier
1674 5240 1725 5297 des
1745 5218 1843 5293 ilem}

1075 5346 1165 5402 Odilo
1182 5346 1288 5420 Kopp,
1306 5328 1843 5420 017111111117111131111113811111181101

1076 5463 1138 5516 ten,
1171 5450 1412 5507 Plarrverweser
1444 5451 1472 5504 in
1504 5447 1724 5527 Gumpendors,
1755 5442 1843 5500 {ersten
