4034 6262
673 521 952 590 „129-

121 726 162 790 ts,
194 707 372 790 epistulae
398 705 506 769 variis
534 706 569 769 in
597 708 705 770 rebus
732 719 768 771 et
847 698 986 760 lusdux
995 697 1318 781 Wiirtembergiae,
1331 700 1392 782 qui
1401 705 1586 781 anno1783
1601 721 1681 763 cum

129 848 214 892 eum
232 829 387 911 scriptae
403 839 590 895 testantur.

121 952 245 1015 isterio
267 973 293 1015 s.
311 953 431 1036 Blasii,
454 956 521 1017 etsi
541 955 634 1020 inter
654 976 768 1039 opaca

123 1094 193 1138 vae
207 1095 362 1158 nemora,
379 1079 423 1139 ad
443 1098 535 1159 quae
549 1081 767 1161 circumqua-

121 1196 177 1260 ilis
198 1208 277 1261 erat
297 1219 473 1283 accessuS,
498 1201 567 1265 sito
587 1222 767 1284 nunquam

121 1318 321 1386 defuerunt.
344 1321 533 1403 Nunquam
557 1343 643 1389 vero
667 1334 768 1387 tanta

122 1451 211 1504 erant
232 1452 269 1504 et
288 1453 410 1507 tantae
434 1445 634 1528 dignitatis,
661 1467 767 1528 quam

122 1562 187 1626 line
200 1564 372 1647 principis
384 1566 530 1630 Martini
542 1568 597 1651 11,
612 1569 671 1649 qui
683 1580 767 1633 tunc

137 1689 366 1750 antecessore
381 1687 568 1752 Meinrado
589 1691 711 1754 stratis
732 1702 768 1755 et

122 1807 176 1871 ‚tis
188 1807 329 1870 facilius
341 1811 564 1874 advenerunt
575 1812 705 1894 partim
716 1814 768 1876 vi-

126 1948 166 1991 sa
182 1943 331 2012 propter
345 1931 470 1995 mirum
486 1935 667 2016 templum,
689 1956 767 1999 cum

123 2061 225 2114 ‚utem
240 2063 280 2114 ut
292 2053 394 2116 suavi
410 2053 651 2119 familiaritate
664 2059 768 2122 amici

123 2173 313 2255 ipossent.
330 2175 495 2239 Eminent
507 2176 601 2241 inter
611 2181 676 2243 hos
692 2201 767 2245 car-

123 2297 276 2379 ›nradus,
298 2297 374 2360 eius
394 2298 506 2362 frater
521 2320 712 2382 germanus
733 2314 768 2367 et

123 2416 251 2480 utiensi
268 2419 478 2502 episcopatu
495 2442 680 2486 successor
691 2424 768 2488 Ma-

123 2559 138 2601 s
151 2540 196 2601 de
205 2540 316 2622 Rodt,
331 2541 390 2622 qui
402 2553 552 2625 uterque
565 2564 644 2608 cum
656 2549 767 2612 multo

123 2661 288 2726 :omitatu
300 2665 510 2740 advenerat3
524 2669 594 2730 duo
607 2669 767 2753 episcopi

123 2782 171 2846 itii
192 2785 381 2867 apostolici
399 2787 556 2871 Caprara
580 2802 616 2852 et
639 2791 767 2875 Bosca,

124 2903 313 2969 Helvetiae
333 2928 458 2992 pagos,
483 2911 528 2972 ad
549 2911 667 2995 Belgii
687 2933 767 2995 pro·

123 3036 188 3110 ter,
205 3026 391 3111 inopinato
407 3032 452 3093 ad
470 3031 589 3094 divum
607 3033 766 3098 Blasium

124 3168 164 3231 es,
182 3149 242 3213 diu
256 3171 334 3213 cum
346 3155 479 3215 abbate
492 3155 536 3215 de
547 3155 767 3237 legationum

124 3271 252 3354 egotiis
274 3274 515 3339 conferebant.
540 3276 766 3362 Suffraganei

123 3413 239 3475 enses,
262 3395 454 3479 episeopus
474 3398 513 3462 L.
530 3399 570 3461 B.
589 3400 633 3462 de
649 3400 767 3464 Horn-

125 3515 193 3578 eius
213 3535 400 3581 successor
420 3519 612 3603 episcopus
627 3522 766 3586 Milevi·

125 3639 151 3700 3.
169 3640 214 3701 de
231 3640 391 3723 Baaden,
415 3661 480 3705 nec
502 3662 571 3705 non
593 3642 766 3728 suffraga-

124 3760 307 3825 matiensis
324 3764 368 3825 de
380 3763 605 3827 Wfirthwein
622 3765 765 3847 saepius

125 3881 472 3966 3lasiumgratissimi
482 3885 644 3967 hospites
654 3898 765 3953 erant.

125 4003 200 4066 itati
231 4015 267 4066 et
297 4004 532 4069 iurisdictioni
567 4007 765 4090 episcopali

125 4127 295 4207 recedunt,
309 4130 460 4191 abbates
476 4149 507 4194 o.
521 4151 548 4195 s.
561 4130 603 4195 B.
617 4151 765 4215 congre·

142 4247 333 4311 Helvetiae
367 4261 403 4313 et
434 4248 602 4335 Sueviae,
633 4253 764 4316 Lotha·

126 4368 235 4432 rdinis
256 4368 554 4455 Cisterciensium,
577 4374 764 4439 canonico·

127 4492 240 4554 arium
256 4512 378 4556 omnes
399 4494 521 4557 abbati
535 4494 690 4559 Martino
707 4517 764 4560 ac·

126 4624 248 4677 ‚erant
262 4615 439 4696 hospites;
462 4616 568 4679 etiam
585 4618 764 4700 generalis

126 4736 339 4819 remitarum,
362 4737 602 4819 provinciales
630 4739 764 4802 ordinis

126 4877 188 4939 rm,
205 4858 494 4922 Recollectorum
512 4869 548 4922 et
565 4858 765 4942 Capucino-

126 5000 151 5043 es
175 4992 360 5063 venerunt,
383 4984 551 5045 abbatem
572 4982 765 5045 Martinum

126 5126 131 5172 ς
152 5121 221 5164 nec
243 5102 390 5164 deerant
405 5102 610 5166 abbatissae
628 5123 658 5168 o.
672 5124 699 5167 s.
712 5104 765 5187 B.,

127 5223 221 5287 ratio
242 5222 277 5285 in
298 5226 466 5287 abbatem
482 5226 643 5290 adduxit.
667 5226 765 5289 Inter

137 5345 266 5410 civiles
297 5357 332 5409 et
362 5347 576 5430 insigniores
603 5347 765 5430 hospites

127 5488 169 5533 no
192 5468 273 5530 loco
293 5469 465 5532 nominari
485 5481 642 5534 meretur
658 5469 765 5534 Caro·

847 839 959 884 uxore
976 841 1040 883 sua
1053 822 1210 883 secunda
1226 822 1409 886 comitissa
1425 823 1469 886 de
1481 823 1680 887 Hochheim

848 945 893 1006 ad
910 963 936 1007 s.
954 943 1112 1006 Blasium
1136 944 1333 1027 divertenS,
1357 948 1531 1029 adspectu
1554 946 1680 1029 templi

848 1065 1081 1148 stupefactus,
1098 1066 1185 1129 illud
1197 1067 1284 1130 artis
1296 1087 1387 1150 opus
1400 1069 1552 1142 dicebat,
1570 1071 1680 1132 decus

848 1197 885 1251 et
893 1199 1138 1252 ornamentum
1149 1188 1372 1257 Germaniae.
1385 1191 1587 1274 Principem
1597 1191 1680 1255 dein

847 1312 1040 1375 Martinum
1060 1313 1224 1393 sequenti
1247 1333 1341 1377 anno
1365 1316 1411 1378 ad
1436 1333 1475 1377 se
1499 1311 1681 1397 Stuttgar·

849 1432 944 1496 diam
960 1435 1161 1498 venientem
1183 1438 1274 1499 adeo
1294 1435 1485 1499 honorifice
1506 1446 1542 1499 et
1563 1437 1681 1519 splen-

849 1554 931 1619 dide
948 1557 1102 1640 excepit,
1118 1567 1158 1620 ut
1173 1557 1267 1620 natis
1282 1558 1505 1642 principibus
1521 1560 1602 1642 plus
1618 1560 1680 1622 ho·

847 1678 944 1740 noris
971 1680 1034 1741 vix
1060 1692 1185 1762 posset
1213 1679 1393 1745 exhibere.
1432 1679 1580 1744 Carolus
1605 1681 1680 1744 Fri·

849 1800 989 1863 dericus
1009 1801 1171 1865 Marchio
1193 1802 1370 1866 Badensis
1391 1824 1470 1866 cum
1491 1803 1564 1867 filio
1585 1805 1680 1887 prin-

848 1921 928 2004 cipe
951 1933 1037 1985 natu
1060 1926 1217 1987 secundo
1242 1944 1373 2008 magna
1396 1927 1618 1990 reverentiae
1644 1939 1680 1990 et
1767 1980 1769 1984 ,

847 2044 1007 2108 laetitiae
1027 2045 1279 2110 testificatione
1301 2047 1337 2109 in
1361 2048 1444 2110 divo
1465 2048 1588 2112 Blasio
1612 2049 1680 2112 fuit

848 2178 1024 2250 exceptus
1054 2169 1090 2230 in
1125 2169 1249 2251 vigilia
1279 2171 1434 2232 omnium
1467 2180 1679 2234 sanctorum.

847 2291 960 2361 Porro
991 2291 1143 2354 Ioannes
1176 2291 1344 2374 princeps
1376 2294 1421 2355 de
1452 2290 1680 2357 Schwarzen-

847 2415 939 2496 berg
954 2433 1032 2475 cum
1050 2433 1171 2497 uxore,
1188 2414 1347 2477 eiusdem
1360 2424 1472 2478 matre
1485 2435 1527 2479 ac
1540 2417 1680 2479 duobus

846 2533 929 2597 filiis
941 2535 1113 2618 gemelliS,
1128 2535 1164 2599 in
1178 2557 1326 2618 quorum
1342 2537 1494 2620 gratiam
1509 2540 1679 2602 adventa-

846 2666 901 2719 rat
918 2656 1125 2721 Elisabetha
1140 2659 1313 2722 Ludovici
1330 2659 1549 2723 Marchionis
1562 2662 1679 2724 Bado-

847 2778 1024 2842 Badensis
1037 2780 1213 2843 catholica
1227 2781 1333 2844 unica
1344 2780 1426 2864 filia,
1443 2792 1479 2845 et
1490 2781 1584 2845 filius
1595 2783 1679 2845 hae-

846 2922 914 2966 res,
958 2903 1133 2985 Iosephus
1164 2903 1331 2986 princeps
1361 2905 1406 2966 de
1435 2905 1464 2967 F
1467 2907 1680 2988 iirstenberg

848 3046 927 3088 cum
944 3025 1097 3108 coniuge
1112 3025 1275 3109 Iosepha,
1296 3025 1368 3089 filia
1383 3027 1488 3090 unica
1508 3027 1680 3110 principis

847 3147 1348 3232 Hohenzollem-Hechingen,
1364 3149 1434 3212 iam
1448 3159 1554 3213 antea
1571 3151 1680 3213 devo·

847 3279 905 3332 tus
921 3271 1064 3333 abbatis
1075 3271 1220 3353 amicuS,
1234 3271 1392 3334 eiusdem
1406 3291 1597 3354 germanus
1608 3271 1679 3334 fra·

847 3401 902 3455 ter
918 3390 1076 3474 Carolus,
1101 3402 1138 3456 et
1157 3393 1342 3475 utriusque
1362 3403 1485 3476 mater,
1509 3403 1594 3457 nata
1619 3414 1677 3457 co-

846 3513 984 3577 mitissa
993 3515 1037 3576 de
1046 3514 1249 3581 Truehsess,
1256 3517 1424 3577 abbatem
1436 3515 1629 3578 Martinum
1642 3515 1679 3577 in

847 3636 930 3698 divo
943 3636 1065 3699 Blasio
1078 3647 1114 3699 et
1127 3637 1162 3699 in
1175 3657 1258 3700 arce
1267 3636 1455 3700 Bonndorf
1468 3637 1677 3700 inviserunt.

845 3757 1040 3820 Praeterea
1056 3761 1224 3822 abbatem
1240 3780 1305 3822 sua
1320 3759 1525 3841 praesentia
1540 3758 1576 3820 in
1594 3758 1678 3820 divo

845 3879 968 3943 Blasio
989 3880 1127 3963 dignati
1144 3890 1226 3945 sunt
1242 3882 1421 3945 Antonius
1442 3881 1610 3964 princeps
1632 3881 1678 3943 de

845 4000 1386 4086 Hohenzollern-Sigmaringen,
1397 4002 1473 4065 eius
1486 4020 1585 4064 soror
1594 4000 1678 4063 Cre-

846 4124 983 4187 scentia
1006 4127 1194 4189 canonissa
1219 4125 1255 4188 in
1283 4126 1432 4188 Buchau
1459 4134 1494 4187 et
1521 4134 1676 4206 agnatus

846 4266 965 4310 comes
992 4249 1037 4311 de
1063 4247 1324 4312 Hohenzollern
1351 4247 1543 4310 canonicus
1571 4244 1676 4309 Colo-

845 4369 988 4434 niensis.
1011 4371 1058 4433 Et
1074 4371 1212 4434 iuvenis
1230 4371 1398 4453 princeps
1415 4391 1462 4434 ex
1481 4371 1677 4435 illustrissi-

844 4513 902 4555 ma
917 4492 1051 4555 familia
1071 4493 1272 4575 principum
1295 4495 1339 4556 de
1356 4492 1518 4576 Gallizin,
1540 4496 1677 4577 praeci·

845 4634 934 4696 puas
944 4611 1157 4678 Germaniae
1166 4615 1368 4698 provincias
1381 4626 1418 4679 et
1426 4617 1677 4679 celeberrimas

845 4737 1010 4800 civitates
1031 4737 1261 4820 perlustrans,
1287 4737 1394 4800 etiam
1415 4737 1625 4802 coenobium
1649 4761 1677 4804 s.

845 4859 956 4921 Blasii
973 4858 1137 4941 invisere,
1154 4878 1286 4941 operae
1302 4859 1456 4941 pretium
1468 4879 1548 4922 esse
1561 4861 1675 4925 duxit.

844 4980 933 5044 Post
956 4980 1136 5063 principes
1161 4981 1254 5044 inter
1276 4981 1490 5064 insigniores
1513 4982 1677 5063 hospites

846 5102 1017 5165 nominari
1030 5112 1185 5165 meretur
1193 5103 1328 5166 Beatus
1337 5103 1467 5166 Fidelis
1476 5102 1675 5166 Zurlauben

846 5225 890 5286 de
903 5223 1034 5305 Thum,
1050 5223 1147 5306 regis
1163 5223 1446 5287 christianissimi
1461 5225 1677 5287 mareschal-

844 5346 909 5427 lus,
931 5355 967 5407 et
987 5345 1166 5427 generalis
1187 5344 1364 5426 emeritus,
1385 5345 1440 5407 vir
1462 5344 1676 5408 litteratissi-

845 5486 933 5549 mus,
950 5475 986 5528 et
1002 5466 1110 5529 musis
1127 5466 1306 5529 Blasianis
1322 5465 1597 5545 addictissimus,
1615 5468 1675 5547 qui

1420 5583 1450 5633 17
