4034 6262
762 521 1043 605 -461-

124 723 218 785 nasio
228 719 515 802 Clagenfurtensi
528 719 587 781 vel
599 717 859 782 San-Paulano.

123 866 144 906 n
161 845 196 905 in
212 843 444 904 universitate
461 840 705 903 Monaehiensi
722 842 861 903 duobus

124 966 222 1028 ribus
253 962 491 1026 confratribus
522 962 661 1043 copiam
691 961 777 1024 fecit
815 964 861 1024 ad

124 1088 315 1169 {quendum
340 1088 491 1168 gradum
513 1104 540 1146 s.
558 1085 761 1167 theologiae
779 1086 861 1146 doc-

160 1207 325 1289 Denique
342 1207 452 1288 libris,
477 1226 567 1288 quos
589 1225 720 1288 magno
745 1205 860 1287 pretio

124 1331 259 1410 raravit,
281 1338 316 1391 et
338 1349 359 1389 a
380 1328 643 1409 professoribus
660 1327 859 1408 comparari

124 1452 200 1533 risit,
222 1451 419 1513 litterarum
440 1449 558 1511 studia
575 1449 667 1512 inter
683 1470 765 1512 suos
782 1469 862 1530 pro·

123 1583 147 1636 t.
172 1571 339 1637 Scholam
360 1573 569 1653 popularem
589 1591 616 1634 s
633 1571 736 1634 Pauli
757 1572 862 1634 tertia

124 1705 214 1757 tarta
235 1695 347 1756 classe
371 1694 488 1761 auxit:
513 1712 559 1754 ex
585 1693 695 1755 Tiroli
719 1694 863 1755 vocavit

124 1835 197 1879 >res
208 1816 407 1878 scholarum
421 1815 534 1876 dictas
547 1814 610 1877 ΙΙΙ.
627 1815 700 1876 ord.
715 1835 741 1875 S.
753 1814 863 1876 Fran-

139 1957 231 2019 quae
244 1937 383 1999 scholas
397 1937 593 2017 puellarum
607 1955 633 1998 s.
646 1936 749 1998 Pauli
761 1956 863 2018 rege-

134 2070 171 2122 et
198 2060 337 2140 puellas
366 2078 445 2120 cum
474 2058 653 2121 exercitiis
681 2059 863 2140 religionis

124 2203 137 2243 1
159 2191 254 2243 artes
277 2181 491 2243 domesticas
513 2182 691 2243 docerent.
717 2180 864 2243 Anima-

124 2324 238 2366 :uram
251 2303 371 2386 magni
384 2304 530 2383 habens,
544 2304 692 2364 verbum
705 2302 863 2364 divinum

124 2427 239 2487 abbas
255 2424 423 2505 frequens
440 2424 662 2504 praedicavit
686 2433 723 2485 et
747 2423 781 2484 in
804 2423 863 2484 tri-

125 2546 150 2609 li
163 2565 264 2608 sacro
278 2545 448 2607 consedit.
473 2545 611 2606 Dilexit
624 2546 788 2606 decorem
803 2545 864 2605 do-

126 2668 194 2750 dei,
212 2679 248 2731 et
264 2668 452 2730 eeclesiam
474 2667 678 2729 monasterii
704 2676 739 2729 et
760 2685 864 2748 paro-

124 2814 131 2853 >
156 2801 192 2854 et
216 2789 548 2872 Clagenfurtensem
572 2789 719 2850 interius
744 2797 780 2850 et
804 2807 864 2849 ex-

125 2934 142 2975 s
154 2913 377 2992 restauravit,
387 2910 634 2992 pulcherrimis
650 2909 864 2992 imaginibus

124 3035 210 3098 atuis
228 3035 377 3114 ornavit,
402 3044 438 3095 et
462 3034 577 3094 locum
599 3052 664 3114 pro
686 3033 793 3093 choro
814 3030 865 3092 sic

124 3184 128 3212 1
149 3156 292 3218 hiemali
313 3156 498 3237 eleganter
521 3154 669 3235 aptavit.
700 3152 865 3235 Agricul-

124 3299 132 3340 1
149 3288 186 3340 et
201 3277 252 3339 rei
269 3276 456 3357 pecuariae
474 3285 550 3338 erat
564 3275 700 3356 peritus
713 3284 749 3337 et
760 3274 865 3336 valde

124 3419 229 3473 ,osus3
244 3398 384 3479 utrique
397 3397 547 3478 provide
559 3397 717 3478 inspexit
731 3396 865 3477 optimo

124 3543 211 3602 essu,
229 3530 267 3583 ut
284 3520 437 3582 societas
459 3520 601 3601 agraria
613 3518 865 3581 Vindobonen-

124 3663 305 3707 ,uvencum
330 3662 349 3704 e
372 3641 514 3703 stabulo
535 3662 561 3702 s.
579 3640 682 3702 Pauli
705 3639 866 3721 proposi·

128 3767 354 3846 collaudans,
379 3764 513 3826 miserit
537 3772 715 3825 monetam
739 3781 866 3844 argen-

124 3939 137 3954 .
160 3887 392 3969 Pomologiae
406 3896 482 3948 erat
495 3884 773 3957 amantissimus;
790 3883 867 3946 ubi-

135 4009 356 4073 conserendo
387 4007 563 4089 pomaria,
595 4015 709 4069 totum
741 4025 866 4087 agrum

124 4131 251 4195 asterio
268 4130 491 4192 adiacentem
508 4128 610 4210 quasi
625 4129 766 4189 hortum
783 4126 867 4189 effe·

124 4257 162 4317 Et
182 4253 337 4315 societas
359 4251 500 4333 agraria
517 4248 720 4311 Carinthiae
730 4297 738 4327 ,
761 4267 868 4328 poma

124 4377 286 4439 Paulana
300 4374 434 4455 optima
453 4383 489 4434 et
505 4371 742 4453 pulcherrima
758 4389 867 4452 agno-

124 4520 150 4580 s,
160 4517 253 4561 anno
264 4501 341 4559 1862
352 4494 548 4577 praemium
557 4495 708 4574 primum
720 4514 746 4554 s,
754 4493 867 4554 Paulo

124 4620 264 4683 dicavit.
278 4618 490 4698 Exemplum
498 4617 565 4677 hoe
576 4615 753 4697 agricolas
763 4613 867 4676 vallis

124 4742 258 4805 intinae
280 4741 326 4801 ad
342 4759 525 4820 pomorum
542 4738 714 4799 culturam
732 4736 866 4798 excita-

140 4873 180 4925 ut
203 4879 371 4923 successu
398 4859 568 4939 temporis
593 4878 639 4919 ex
662 4856 867 4919 venditione

124 5005 220 5047 orum
238 4982 428 5065 quotannis
440 5002 608 5063 magnum
622 4982 757 5042 lucrum
773 4978 868 5041 face·

150 5106 266 5167 Etiam
284 5105 398 5166 vineis
413 5124 527 5184 prope
544 5103 774 5184 Marburgam
791 5101 868 5163 sitis

124 5250 134 5291 1
160 5228 335 5307 colendis,
360 5226 564 5288 melioribus
588 5224 721 5286 vitibus
746 5243 869 5285 conse-

124 5351 158 5411 is
180 5359 215 5409 et
235 5347 446 5429 ampliandis
469 5348 615 5408 multam
637 5365 756 5407 curam
771 5343 870 5405 adhi-

140 5468 353 5532 Aedificium
366 5468 572 5530 monasterii
584 5487 611 5529 s
619 5467 722 5529 Pauli
734 5476 870 5528 restau-

942 720 1043 800 ravit,
1068 721 1208 783 ornavit
1232 732 1268 782 et
1288 719 1528 802 amplificavit,
1554 740 1619 802 pro
1643 719 1775 780 scholis

942 861 1072 904 novum
1104 843 1299 923 exstruxit,
1333 843 1522 923 collegium
1552 840 1774 922 Clagenfurti

942 965 1090 1046 pulchro
1118 973 1154 1026 et
1181 966 1254 1025 lato
1278 963 1440 1025 aedificio
1465 963 1582 1033 auxit;
1611 961 1774 1025 aedificia

942 1085 1168 1167 praediorum
1185 1105 1211 1148 s
1229 1085 1331 1146 Pauli
1356 1085 1391 1146 in
1413 1084 1571 1146 Kollnitz
1593 1093 1628 1145 et
1652 1084 1773 1145 Zockl-

941 1207 1006 1270 hof
1018 1207 1192 1270 incendiis
1206 1216 1391 1268 consumta
1403 1218 1487 1287 apte
1504 1217 1539 1268 et
1552 1204 1602 1267 rei
1619 1205 1773 1266 rusticae

942 1329 1195 1393 convenienter
1211 1329 1338 1391 iterum
1355 1327 1572 1390 aedificavit:
1594 1336 1701 1408 atque
1718 1326 1773 1387 his

943 1453 1105 1515 omnibus
1122 1455 1213 1514 bene
1231 1452 1396 1533 peractiS,
1418 1453 1462 1512 de
1485 1449 1721 1513 confratribus
1739 1459 1774 1510 et

943 1575 1158 1638 monasterio
1171 1575 1305 1656 optime
1317 1572 1526 1655 promeruit;
1541 1591 1650 1653 quare
1664 1572 1773 1651 princ.

943 1698 1135 1779 episcopus
1167 1697 1387 1758 Lavantinus
1419 1715 1498 1756 eum
1529 1695 1774 1772 honoraturus

943 1822 1111 1882 abbatem
1128 1819 1391 1881 Ferdinandum
1408 1816 1644 1879 consiliarium
1662 1815 1775 1876 consi-

943 1942 1042 2004 storii
1066 1941 1271 2021 nominavit,
1296 1951 1331 2002 et
1355 1940 1548 2019 imperator
1563 1937 1775 1999 Franciscus

944 2065 1118 2144 Iosephus
1136 2062 1291 2144 equitem
1308 2061 1442 2123 ordinis
1464 2079 1616 2121 coronae
1636 2058 1774 2120 ferreae

944 2187 1005 2249 III.
1024 2185 1149 2247 classis
1166 2183 1380 2266 designavit.
1405 2183 1490 2244 Erat
1508 2181 1640 2243 sodalis
1663 2179 1774 2240 socie-

945 2319 1057 2372 tatum
1082 2308 1302 2390 agrariarum
1326 2304 1546 2384 Corinthiae,
1572 2301 1714 2384 Styriae
1739 2310 1775 2360 et

945 2429 1115 2510 Goritiae,
1132 2440 1167 2491 et
1184 2427 1374 2490 historicae
1388 2424 1601 2488 Corinthiae.
1627 2424 1775 2484 Praeter

944 2553 1084 2635 linguas
1101 2551 1266 2631 antiquas
1283 2548 1462 2626 classicaS,
1477 2566 1565 2627 quas
1579 2546 1684 2606 valde
1699 2543 1775 2604 dili-

944 2676 1065 2758 gebat,
1079 2672 1253 2736 Gallicam
1269 2682 1305 2733 et
1318 2671 1478 2733 Italicam
1495 2676 1721 2749 perceperat;
1740 2675 1775 2726 et

945 2799 992 2860 ad
1008 2796 1132 2859 tibiam
1146 2808 1181 2857 et
1193 2795 1323 2857 violam
1342 2812 1479 2872 canere,
1497 2788 1774 2853 clavichordium

945 2929 1111 2999 tractare,
1130 2919 1237 2980 etiam
1253 2919 1366 2978 abbas
1383 2914 1475 2976 inter
1491 2932 1593 2975 sacra
1610 2910 1697 2972 tibia
1714 2920 1776 2970 aut

945 3043 1040 3105 viola
1064 3048 1277 3122 cooperatus
1302 3050 1366 3100 est.
1397 3037 1571 3119 Hydrope
1598 3034 1775 3112 laborans,

947 3165 1022 3226 eius
1037 3163 1218 3226 molestias
1227 3161 1406 3242 patienter
1415 3158 1604 3235 sustinens
1617 3154 1684 3215 rite
1696 3172 1776 3232 pro-

945 3287 1043 3348 visus
1068 3286 1125 3348 die
1151 3307 1199 3346 22.
1223 3284 1327 3346 Mart.
1356 3286 1434 3344 1866
1459 3279 1600 3361 placide
1624 3277 1776 3338 animam

946 3407 1091 3470 efflavit.
1116 3408 1202 3469 Erat
1216 3407 1330 3467 abbas
1342 3407 1515 3467 humanus
1528 3421 1569 3462 ac
1583 3401 1775 3475 modestus

946 3530 1118 3594 sollicitus
1131 3539 1167 3591 et
1180 3507 1337 3610 prudens
1349 3535 1453 3607 pater
1465 3521 1627 3599 familias,
1645 3517 1777 3580 ordinis

947 3674 973 3715 s.
984 3652 1171 3715 Benedicti
1189 3668 1322 3729 amans,
1340 3647 1506 3708 sacerdos
1519 3641 1613 3705 omni
1629 3658 1776 3701 venera-

947 3775 1044 3837 tione
1060 3773 1200 3855 dignus.

1036 3921 1251 4003 Sequuntur,
1269 3937 1360 4000 quae
1377 3915 1476 3996 prelo
1493 3910 1670 3973 submisit:

1034 4077 1056 4132 1.
1081 4074 1236 4147 Nekrolog
1259 4072 1313 4128 des
1336 4068 1432 4126 Abtes
1460 4084 1528 4122 vom
1553 4062 1776 4119 Benedictiner·

947 4181 1037 4239 Stilte
1055 4180 1099 4238 St.
1116 4179 1190 4236 Paul
1214 4181 1252 4234 im
1274 4173 1474 4232 Lavantthale
1496 4168 1632 4226 Meinrad
1648 4167 1775 4229 Amann

949 4285 1203 4343 Karninerischen
1230 4279 1440 4338 Landstandes
1470 4274 1529 4331 und
1555 4271 1775 4330 Verordneten.

948 4386 977 4467 (i.
999 4409 1024 4446 e.
1050 4388 1264 4463 Necrologium
1288 4381 1429 4461 abbatis.)
1456 4375 1652 4452 Klagensurt,
1686 4373 1776 4445 1840,

949 4493 1098 4569 gedruckt
1121 4491 1169 4548 bei
1196 4488 1365 4547 Ferdinand
1390 4485 1488 4543 Edlen
1512 4503 1570 4540 von
1595 4481 1776 4551 Kleinmayr.

952 4615 989 4672 14
1005 4619 1035 4674 p.
1053 4598 1095 4655 8⁰.

1039 4721 1077 4776 ΙΙ.
1114 4721 1212 4774 Kurze
1248 4714 1431 4772 Geschichte
1466 4711 1519 4766 des
1556 4705 1778 4779 Herzogthums

949 4828 1093 4882 Karnten.
1114 4819 1145 4900 (i.
1166 4841 1191 4877 e.
1214 4822 1349 4876 Ducatus
1367 4816 1538 4873 Carinthiae
1560 4811 1662 4868 brevis
1684 4810 1778 4864 histo·

949 4926 1014 5007 ria.)
1030 4928 1084 4984 Als
1100 4927 1230 4999 Anhang
1245 4944 1297 4979 zur
1314 4921 1498 4979 Geschichte
1514 4920 1569 4975 des
1585 4914 1777 4974 dsterreichi·

949 5034 1042 5090 seben
1064 5034 1297 5088 Kaiserstaates.
1323 5026 1422 5091 Wien,
1444 5024 1492 5081 bei
1515 5021 1546 5078 S.
1563 5022 1659 5077 Anna.
1687 5017 1777 5088 1843.

949 5153 991 5211 50
1008 5157 1036 5214 p.
1054 5136 1096 5194 8⁰.

1036 5259 1087 5314 lll.
1110 5257 1235 5329 Predigt
1254 5274 1307 5310 zur
1323 5252 1431 5309 Weihe
1449 5252 1531 5305 eines
1548 5265 1645 5303 neuen
1662 5245 1777 5299 Altars·

949 5363 1069 5420 blattes.
1087 5357 1229 5438 (Sermo.)
1247 5356 1435 5432 Klagenfurt,
1453 5351 1602 5427 gedruckt
1614 5350 1662 5407 bei
1676 5345 1779 5403 Ferdi-

951 5467 1029 5523 nand
1046 5466 1142 5522 Edlen
1158 5483 1217 5520 von
1235 5464 1417 5532 Kleinmayr.
1440 5457 1530 5528 1843.
1552 5470 1589 5527 14
1606 5474 1635 5529 p.
1653 5454 1694 5511 8⁰.
