4034 6262
883 503 1112 570 ,9-

182 689 400 770 (dduVenetiis
416 688 469 751 die
484 693 532 751 31.
548 687 634 751 Maii
654 688 748 768 1800)
764 687 832 750 fuit
847 687 957 750 nomi-

181 822 253 874 natus
266 822 295 874 et
307 821 524 874 consecratus
536 810 824 892 archiepiscopus
839 809 956 872 titulo:

179 932 363 995 Eczmiadzini
380 933 414 995 in
430 942 515 1013 part.
532 930 661 995 infidel.
679 932 785 994 Anno
801 935 878 994 1802
890 930 957 993 fuit

176 1055 273 1117 electus
285 1057 393 1117 abbas
404 1054 577 1136 generalis
593 1073 713 1137 congr.
730 1053 956 1117 Mechithari·

174 1176 253 1238 sticae
272 1176 501 1260 Tergestinae.
524 1174 737 1258 Opportuno
760 1195 846 1239 sane
869 1184 956 1238 tem-

172 1317 232 1378 pore
257 1308 436 1361 vocaverat
462 1298 686 1381 providentia
713 1298 832 1360 divina
863 1299 956 1360 hunc

171 1419 323 1498 praelatum
344 1421 476 1483 adhoc
498 1420 646 1483 arduum
662 1439 798 1502 munus,
818 1428 857 1483 ut
879 1429 956 1482 tan-

169 1557 245 1618 quam
266 1551 428 1622 patronus
453 1561 495 1604 ac
522 1542 738 1623 praesidium
765 1541 957 1604 sustineret

169 1670 354 1744 mereturque
379 1664 695 1746 congregationem
714 1663 750 1726 in
773 1683 957 1726 aerumna·

167 1799 220 1842 rum
240 1785 359 1867 diebus,
384 1786 444 1867 qui
465 1805 549 1848 mox
568 1786 635 1849 toti
650 1785 804 1848 familiae
824 1785 957 1848 Mechi-

166 1902 327 1969 tharisticae
340 1906 507 1989 Tergesti
524 1907 762 1971 imminebant.
780 1905 873 1969 Galli
889 1907 958 1969 iam

163 2024 196 2084 ab
215 2047 291 2091 anno
318 2034 395 2092 1805
422 2030 458 2092 in
482 2041 611 2093 terram
633 2032 827 2112 urbemque
850 2030 958 2091 irrue-

162 2162 232 2222 rant;
246 2171 300 2233 pro
314 2151 592 2214 Mechitharistis
608 2154 818 2215 crescebant
832 2152 868 2214 in
882 2151 959 2214 dies

159 2264 269 2335 futurae
284 2274 493 2336 calamitatis
509 2274 676 2356 pericula.
696 2274 958 2337 illustrissimus

157 2386 287 2456 dominus
308 2397 521 2458 Adeodatus
552 2397 603 2458 uti
633 2406 736 2478 pater
763 2406 957 2479 pastorque

156 2508 248 2577 bonus
272 2537 332 2580 suo
359 2519 526 2599 exemplo
559 2517 768 2600 efficacique
796 2538 957 2581 sermone

155 2649 237 2713 spem
250 2641 356 2702 anxiis
373 2641 551 2703 mentibus
567 2642 733 2722 viresque
749 2641 896 2722 addidit,
914 2661 958 2703 ne

154 2755 194 2816 sui
217 2759 460 2825 invocationis
487 2783 572 2826 suae
599 2763 793 2826 stabilitate
816 2763 958 2826 vacilla-

154 2889 226 2963 rent,
240 2887 294 2947 sed
309 2886 430 2968 potius
446 2886 589 2948 meliora
610 2896 771 2968 tempora
795 2907 816 2948 a
838 2885 958 2948 divina

155 3005 350 3074 providentia
370 3018 557 3089 sperantes
580 3028 622 3070 ac
641 3018 817 3091 petentes,
841 3007 958 3070 animo

154 3115 254 3188 fidenti
268 3140 394 3192 essent.
413 3130 527 3192 Annis
544 3131 699 3212 quinque
712 3131 747 3192 in
759 3130 958 3193 huiusmodi

156 3245 308 3313 anxietate
328 3253 528 3334 transactis,
550 3272 628 3314 curn
646 3252 723 3314 dies
739 3251 884 3314 infausti
901 3271 958 3314 co-

156 3361 247 3429 minus
260 3372 512 3456 impenderent,
528 3375 694 3456 nullaque
707 3375 957 3437 incolumitatis

157 3497 283 3572 spespro
291 3497 740 3579 congregationeTergesti
748 3506 955 3579 remaneret,

157 3619 272 3676 coactus
293 3628 346 3680 est
369 3617 626 3681 illustrissimus
651 3619 812 3681 dominus
836 3619 955 3682 Adeo-

158 3723 240 3793 datus
262 3739 338 3801 alibi
366 3760 432 3822 pro
459 3741 532 3802 suis
559 3741 790 3804 familiaribus
817 3742 954 3825 asylum

158 3861 304 3924 quaerere.
327 3862 442 3945 Igitur
456 3863 556 3925 initio
572 3865 653 3926 anni
675 3869 756 3926 1810
773 3883 856 3926 suos
868 3864 954 3926 Ter-

157 3972 230 4041 80⁵ti
248 3977 327 4069 De0,
350 3985 601 4067 Deiparaeque
621 3986 760 4068 Virgini
781 3994 954 4067 patronae

157 4104 410 4189 00ngregationis
423 4111 684 4191 commendans,
701 4109 778 4191 ipse
795 4129 874 4171 cum
890 4127 953 4170 suo

158 4224 313 4292 secretario
325 4231 392 4293 iter
405 4231 587 4313 ingressus
601 4240 665 4293 est.
683 4231 751 4293 Ast
763 4240 952 4311 postquam

159 4347 235 4411 spem
248 4348 346 4416 fausti
362 4372 550 4415 successus
568 4353 699 4434 ubique
716 4353 901 4414 extenuari
918 4362 953 4414 et

160 4469 338 4538 el{urescere
353 4476 455 4558 vidit,
476 4475 599 4538 ultima
616 4474 769 4556 experiri
790 4474 951 4536 tentavit.

161 4571 342 4659 Continuam
357 4597 425 4659 iter
441 4617 551 4679 suum,
573 4597 695 4679 primis
713 4597 840 4659 diebus
855 4616 952 4658 men-

162 4697 196 4762 sis
208 4704 354 4780 Octobris
371 4719 530 4781 eiusdem
547 4719 629 4781 anni
646 4718 681 4781 in
696 4719 865 4780 Austriae
881 4737 953 4781 me·

162 4829 299 4921 tropolim,
315 4840 491 4903 Viennam
508 4841 681 4922 pervenit.
712 4841 858 4922 Ibidem,
875 4841 954 4903 Deo

161 4949 218 5014 eius
236 4963 413 5025 conamina
436 4973 637 5046 coronante,
660 4973 822 5045 optatum
845 4964 955 5045 impe·

159 5079 252 5144 travit:
272 5085 482 5166 pientissimi
497 5086 632 5149 scilicet
647 5085 810 5149 Caesaris
830 5096 866 5147 et
880 5086 956 5148 Re·

151 5200 199 5287 gis
211 5201 379 5270 Francisci
395 5207 421 5270 Ι.
442 5209 599 5291 gratioso
620 5228 790 5271 concessu
807 5205 956 5289 Capuci·

143 5344 252 5396 norum
270 5330 522 5392 monasterium
543 5351 621 5394 cum
641 5332 791 5394 ecclesia
814 5331 849 5393 in
874 5332 956 5393 sub-

140 5451 230 5521 urbio
244 5450 446 5534 acquisivit.
468 5452 555 5516 Mox
570 5455 681 5518 secuti
698 5464 779 5518 sunt
796 5474 876 5517 eum
892 5473 956 5515 sex

1036 682 1241 766 presbyteri
1257 684 1543 765 congregationis
1554 684 1718 767 Tergesti
1734 684 1867 747 exules.

1036 805 1144 867 Anno
1166 804 1396 887 subsequenti
1414 806 1522 887 (1811)
1539 805 1639 868 initio
1654 807 1785 869 mensis
1801 806 1830 868 F
1833 825 1868 868 e-

1036 925 1179 1008 bruarii,
1204 946 1327 989 omnes
1352 927 1454 990 simul
1475 928 1664 991 iubilantes
1689 939 1725 991 et
1744 930 1868 992 laudes

1037 1049 1082 1111 ad
1097 1047 1213 1111 Deum
1231 1049 1266 1112 in
1283 1049 1434 1112 excelsis
1450 1051 1654 1113 attollentes
1670 1050 1868 1132 ingressum

1037 1171 1189 1234 suumin
1206 1191 1334 1234 novam
1352 1172 1613 1253 possessionem
1634 1173 1867 1236 celebrarunt.

1035 1291 1325 1355 Mechitharistae
1348 1293 1645 1356 Vindobonenses
1676 1294 1711 1357 in
1737 1295 1868 1377 gratia-

1036 1434 1113 1477 rum
1139 1415 1315 1478 actionem
1344 1435 1408 1498 pro
1435 1417 1545 1478 tantis
1570 1417 1761 1498 laboribuS,
1792 1426 1868 1481 tan-

1037 1536 1153 1617 tisque
1176 1536 1359 1600 beneficiis
1386 1538 1609 1601 illustrissimi
1638 1539 1691 1601 sui
1715 1540 1867 1622 abbatis,

1038 1668 1207 1740 tanquam
1224 1660 1369 1722 secundi
1386 1660 1594 1743 fundatoris
1615 1659 1712 1729 filiali
1733 1663 1868 1743 pietate

1039 1782 1242 1843 memoriam
1269 1783 1344 1846 eius
1372 1783 1534 1845 venerari
1562 1804 1740 1864 nunquam
1768 1786 1868 1848 omit·

1039 1912 1127 1966 tunt.
1152 1905 1235 1985 Ipse
1255 1914 1374 1967 autem
1395 1905 1649 1967 illustrissimus
1670 1909 1813 1988 praesul
1830 1918 1868 1970 ut

1039 2028 1113 2088 zelo
1129 2046 1319 2109 amoreque
1336 2036 1485 2110 paterno
1501 2048 1601 2090 suam
1616 2028 1784 2091 familiam
1795 2051 1868 2092 am-

1039 2149 1271 2231 plectebatur,
1299 2150 1349 2212 ita
1373 2168 1437 2231 pro
1461 2150 1619 2213 eiusdem
1643 2152 1765 2214 maiori
1789 2173 1870 2234 pro-

1038 2291 1166 2353 gressu
1182 2272 1217 2334 in
1233 2272 1412 2335 literarum
1426 2273 1612 2355 disciplina
1625 2294 1765 2356 semper
1777 2276 1869 2338 solli-

1039 2394 1128 2456 citus
1152 2404 1238 2457 erat.
1268 2395 1350 2457 Fuit
1373 2396 1450 2477 ipse
1475 2397 1622 2458 multum
1645 2406 1808 2461 versatus
1834 2399 1870 2461 in

1038 2517 1315 2599 linguisLatina
1339 2528 1374 2580 et
1398 2519 1531 2601 Italica,
1555 2520 1707 2581 maxime
1724 2539 1809 2582 vero
1832 2522 1869 2583 in

1037 2639 1262 2721 philosophia
1275 2650 1310 2702 et
1321 2641 1501 2723 theologia
1515 2641 1718 2722 (praecipue
1726 2643 1868 2705 Thomi-

1038 2761 1149 2842 stica).
1190 2759 1395 2824 Conabatur
1424 2764 1535 2825 verbo
1571 2773 1607 2825 et
1637 2763 1797 2846 scriptis,
1829 2775 1870 2827 ut

1038 2883 1194 2966 religiosi
1210 2884 1263 2946 sui
1280 2884 1315 2946 in
1335 2883 1390 2946 his
1410 2884 1537 2947 studiis
1557 2885 1785 2967 singulariter
1806 2906 1869 2948 ex-

1039 3007 1216 3069 cellerent.
1235 3007 1310 3069 Iam
1323 3026 1434 3069 senex
1447 3007 1696 3091 octogenarius
1709 3028 1779 3071 non
1792 3028 1869 3071 ces-

1038 3130 1142 3191 sabat
1158 3128 1193 3190 in
1216 3129 1418 3191 domesticis
1433 3130 1732 3211 praelectionibus
1753 3132 1870 3212 quoti-

1038 3250 1153 3312 dianis
1164 3251 1379 3333 theologiam
1393 3251 1631 3333 dogmaticam
1648 3263 1684 3314 et
1697 3254 1869 3330 moralem

1038 3373 1110 3435 suis
1131 3373 1268 3436 clericis
1290 3373 1325 3435 in
1340 3373 1461 3456 lingua
1477 3375 1692 3437 Armeniaca
1712 3377 1867 3439 tradere.

1036 3477 1174 3558 Meritis
1209 3496 1334 3578 plenus
1342 3545 1351 3579 ,
1388 3497 1569 3578 octoginta
1603 3517 1715 3559 annos
1751 3507 1869 3580 natus,

1036 3617 1197 3680 Viennae
1226 3618 1261 3680 in
1288 3619 1502 3681 monasterio
1529 3639 1593 3682 suo
1617 3619 1674 3681 die
1707 3625 1753 3683 18.
1778 3620 1869 3700 Apr.

1040 3745 1118 3803 1825
1136 3741 1211 3803 vita
1227 3740 1416 3803 defunctus
1433 3752 1497 3814 est.

1122 3898 1272 3982 Scripsit
1293 3909 1329 3961 et
1346 3919 1390 3962 ex
1407 3900 1483 3962 Lat.
1501 3900 1536 3961 in
1553 3900 1870 3962 Palaeoarmenum

1034 4041 1232 4085 sermonem
1249 4023 1442 4085 transtulit:

1120 4187 1142 4243 1·
1153 4184 1465 4263 usur-»amimam
1476 4186 1515 4260 u·
1526 4185 1693 4259 nuru
1707 4186 1725 4239 i·
1740 4203 1765 4239 e·
1780 4179 1867 4260 <cum

1033 4288 1183 4366 aliquibus
1205 4293 1296 4347 sociis
1318 4292 1394 4356 suiS,
1419 4309 1484 4345 curn
1507 4289 1604 4344 adhuc
1623 4288 1757 4345 Venetiis
1774 4287 1868 4362 dege·

1034 4393 1090 4474 ret)
1103 4414 1140 4452 ex
1154 4396 1220 4452 Lat.
1234 4397 1264 4450 in
1275 4394 1541 4450 Palaeoarrnenum
1555 4394 1644 4448 vertit
1656 4391 1771 4465 aliquot
1788 4404 1868 4447 trac-

1034 4514 1113 4557 tatus
1141 4519 1178 4556 ex
1202 4501 1236 4556 C.
1257 4499 1365 4554 Renati
1389 4498 1513 4553 Biiluart
1542 4496 1606 4553 ord.
1630 4495 1737 4552 Praed.
1770 4495 1867 4552 Cursu

1034 4605 1207 4678 theologiae
1224 4602 1400 4659 universalis
1417 4604 1497 4657 iuxta
1510 4615 1637 4656 mentem
1656 4642 1662 4655 .
1681 4642 1687 4655 .
1706 4642 1712 4655 .
1730 4599 1868 4655 11111)-

1034 4728 1109 4765 mae.
1134 4706 1257 4763 Scilicet
1273 4707 1437 4761 Tractatus
1457 4706 1489 4778 a)
1509 4705 1546 4760 de
1563 4706 1630 4760 Deo
1651 4722 1710 4759 uno
1727 4716 1757 4759 et
1773 4705 1866 4769 trin0;

1035 4812 1066 4886 b)
1081 4812 1118 4868 de
1139 4811 1358 4874 incarnatione;
1383 4810 1412 4882 c)
1432 4808 1469 4864 de
1485 4810 1593 4881 gratia,
1615 4821 1644 4863 et
1665 4808 1697 4880 d)
1718 4807 1755 4862 de
1773 4826 1866 4879 ange·

1036 4919 1081 4987 lis
1101 4949 1144 4957 —
1164 4915 1209 4970 Ex
1234 4914 1289 4969 hac
1310 4915 1452 4969 versione
1473 4926 1585 4968 tantum
1607 4924 1752 4967 tractatus
1778 4912 1811 4979 u)
1830 4910 1868 4966 de

1037 5023 1103 5078 Deo
1120 5037 1179 5074 uno
1196 5031 1227 5073 et
1242 5020 1329 5083 trinu,
1347 5029 1377 5071 et
1394 5017 1425 5090 b)
1441 5017 1478 5072 de
1490 5016 1616 5090 angelis,
1634 5018 1663 5071 in
1682 5014 1773 5071 2101.
1788 5017 1868 5089 typis

1036 5123 1165 5182 mandati
1182 5135 1260 5176 sunt.
1279 5120 1433 5191 Tergesti,
1451 5122 1531 5196 typis
1547 5119 1689 5176 Mechith.
1712 5117 1801 5190 1788.

1122 5245 1181 5300 NB.
1206 5242 1325 5316 Reliqui
1346 5254 1493 5298 tractatus
1509 5260 1601 5316 supra
1616 5241 1768 5305 nominati,
1789 5257 1869 5311 quos

1036 5348 1252 5408 illustrissimus
1268 5346 1416 5401 Dominus
1432 5344 1607 5402 ,ldeodatus
1624 5347 1652 5399 in
1669 5344 1750 5400 Arm.
1767 5344 1868 5409 vertit,

1036 5458 1078 5512 uti
1106 5450 1228 5508 codices
1256 5453 1450 5526 manuscripti
1479 5469 1545 5505 curn
1573 5451 1684 5505 ceteris
1712 5443 1870 5504 codicibus
