4088 6270
772 514 1054 584 „45,„

170 699 335 762 Annulus
362 697 520 780 ligneus,
548 700 694 780 globum
723 697 870 760 circum·
908 726 911 735 ·

139 871 142 892 ‚
167 821 287 903 quiin
310 820 427 902 globis
449 821 637 883 venalibus
660 822 870 902 plerumque

143 964 222 1006 cum
240 951 497 1024 repraesentat,
518 942 554 1004 in
571 951 693 1004 nostro
710 943 818 1024 globo
836 941 871 1003 in

139 1065 226 1128 ecim
250 1065 393 1126 diurnas
418 1074 454 1126 et
475 1073 666 1126 nocturnas
690 1065 796 1125 horas
821 1063 872 1124 di-

149 1188 307 1268 inservit,
321 1197 359 1248 ut
371 1188 477 1248 modo
487 1185 748 1266 simplicissimo
758 1204 872 1265 aeque
909 1194 912 1295 ἱ

951 698 997 760 sit
1021 697 1290 779 professionem.
1316 700 1493 763 Sacerdos
1518 700 1702 763 ordinatus
1729 712 1783 764 est

956 824 1035 899 1859
1050 821 1108 883 die
1122 843 1171 899 24.
1186 821 1249 884 Iul.
1274 822 1396 884 Iussus
1413 825 1460 884 ab
1477 825 1609 886 abbate
1626 843 1690 885 suo
1707 834 1782 886 ten·

951 942 1085 1005 tamina
1102 963 1147 1004 ex
1169 944 1335 1006 universa
1358 945 1541 1027 theologia
1561 946 1670 1008 subiit
1691 947 1784 1028 rigo-

951 1084 1032 1126 rosa
1049 1084 1091 1126 ac
1107 1065 1209 1127 brevi
1226 1068 1433 1129 doctoratus
1450 1070 1571 1129 laurea
1584 1068 1711 1130 meruit
1724 1070 1783 1130 de-

952 1185 1074 1247 corari.
1100 1184 1350 1267 Cooperatoris
1368 1188 1449 1251 dein
1463 1190 1653 1270 parochiae
1667 1190 1783 1253 Metli-

139 1308 384 1392 geniosissimo
398 1308 492 1369 illico
506 1307 733 1370 determinari
747 1305 871 1387 possit,
910 1362 912 1409 Ι
952 1308 1117 1369 canensis
1140 1308 1293 1390 fungens
1315 1308 1433 1373 officio
1458 1313 1503 1372 ad
1529 1312 1725 1374 docendam
1750 1314 1784 1374 in

139 1453 145 1492 ι
162 1430 234 1492 diei
250 1430 436 1510 noctisque
448 1429 569 1490 horam
588 1429 687 1489 locus
703 1428 739 1488 in
755 1439 872 1488 terrae

139 1551 228 1614 fficie
254 1553 301 1613 ad
325 1551 464 1612 libitum
485 1550 708 1611 desideratus
729 1549 871 1628 habeat,

139 1676 197 1736 iod
215 1673 398 1755 negotium
419 1673 455 1734 id
473 1672 585 1764 solum
607 1670 812 1751 requiritur,
834 1679 873 1731 ut
910 1648 913 1699 ³

139 1795 206 1858 ioci
226 1795 413 1876 longitudo
435 1793 679 1876 geographica
704 1794 739 1855 in
764 1792 873 1874 globo

139 1940 190 1981 ur.
215 1917 310 1979 Viris
327 1918 378 1978 rei
394 1917 525 1999 gnaris,
547 1917 646 1997 globi
669 1915 779 1977 nostri
801 1933 873 1976 me-

139 2042 260 2103 ismum
286 2039 612 2117 considerantibus,
637 2035 872 2118 proculdubio

139 2164 197 2243 iit,
226 2163 449 2223 sacerdotem
477 2170 635 2222 nostrum
662 2157 873 2240 ingeniosis-

158 2284 338 2346 invenisse
366 2293 473 2364 atque
503 2282 745 2344 construxisse
772 2299 872 2360 opus,

144 2427 301 2487 unquam
311 2425 418 2486 opere
429 2405 533 2466 simili
544 2402 872 2483 superatquuod

139 2528 292 2591 'eniendi
308 2528 460 2589 indolem
478 2525 692 2603 manifestat,
711 2522 872 2604 profecto

139 2672 152 2712 2
169 2671 215 2712 ex
231 2660 333 2731 parte
350 2649 493 2711 tabulae
510 2647 775 2730 geographicae
797 2645 873 2707 dili-

141 2773 249 2834 ssime
281 2791 322 2832 ac
354 2769 622 2851 elegantissime
658 2768 871 2848 descriptae,

143 2913 276 2973 eorum,
287 2912 378 2973 quae
392 2891 583 2953 novissime
597 2892 762 2952 detectae
780 2900 871 2968 sunt,

139 3025 284 3098 gentes,
310 3035 379 3076 non
404 3014 518 3075 minus
546 3012 748 3074 indefessae
772 3013 872 3074 indu-

139 3159 166 3220 e,
195 3157 301 3218 quam
332 3136 534 3198 inveniendi
566 3135 711 3197 artificis
738 3134 872 3217 ingenii

139 3259 283 3322 nonium
304 3259 488 3338 praebent.
514 3257 605 3318 Tota
629 3257 726 3338 globi
749 3276 871 3338 super-

155 3380 319 3444 consistit
334 3401 396 3457 299
408 3379 539 3440 tabulis
552 3378 804 3459 geographicis
820 3379 871 3439 in-

139 3524 152 3567 e
175 3502 429 3585 conglutinatis
451 3512 487 3562 et
507 3500 606 3562 19999
627 3499 801 3580 obductiS,
826 3519 870 3560 ne

148 3624 358 3704 intemperie
371 3623 466 3684 laedi
481 3642 635 3703 unquam
648 3622 796 3703 possint.
820 3621 871 3684 Ut

139 3768 194 3830 [ue
208 3747 380 3828 quidquid
394 3746 670 3807 mechanismum
688 3755 724 3806 et
740 3745 870 3806 iustum

152 3879 287 3932 motum
304 3870 447 3930 turbare
461 3867 585 3948 possit,
603 3876 871 3947 praecaveatur,

139 4011 169 4053 15
198 3991 328 4053 circum
352 3991 518 4051 annulum
542 3989 698 4069 ligneum
728 3987 871 4050 clathris

139 4113 232 4174 ciose
250 4110 422 4172 confectis
439 4111 631 4172 instructus
649 4120 713 4172 est.

139 4233 363 4295 [iactatione
380 4244 462 4313 post
484 4237 518 4294 15
537 4252 707 4294 annorum
725 4242 872 4294 conatus

951 1428 1114 1491 instituto
1153 1430 1367 1493 dioecesano
1405 1433 1784 1515 Reginaehradecensi

952 1550 1169 1632 theologiam
1187 1553 1404 1632 pastoralem
1425 1573 1490 1615 nec
1507 1574 1576 1615 non
1600 1564 1636 1616 et
1659 1554 1785 1616 funda-

953 1673 1142 1734 mentalem
1160 1682 1310 1736 vocatus
1327 1694 1396 1736 non
1413 1675 1519 1757 longe
1532 1687 1615 1755 post
1631 1676 1785 1758 dignita-

952 1805 1024 1855 tem
1047 1805 1082 1855 et
1103 1795 1248 1876 negotia
1272 1797 1460 1858 consiliarii
1487 1797 1687 1860 consistorii
1711 1799 1785 1879 epi-

954 1915 1109 1995 scopalis
1131 1916 1284 1978 obtinuit
1300 1918 1476 1980 obeunda.
1501 1919 1608 1980 Anno
1636 1923 1713 1997 1875
1740 1922 1785 1981 ad

954 2038 1160 2100 cathedram
1188 2039 1391 2120 theologiae
1414 2041 1604 2121 pastoralis
1633 2041 1666 2102 in
1691 2036 1785 2105 univ.

953 2159 1119 2241 Pragena
1147 2159 1182 2222 in
1211 2160 1378 2222 idiomate
1403 2161 1571 2223 Bohemis
1594 2164 1785 2224 vernaculo

954 2282 1137 2342 docendae
1153 2282 1348 2344 translatus
1365 2304 1510 2346 munere
1527 2283 1651 2345 decani
1673 2283 1783 2346 facul-

954 2403 1038 2464 tatis
1055 2404 1258 2486 theologiae
1276 2405 1403 2468 iterato
1420 2406 1490 2468 iam
1506 2406 1648 2469 functus
1665 2417 1729 2470 est.

1041 2523 1207 2607 Scripsit:

1044 2667 1068 2707 1.
1078 2650 1219 2707 Rukovet
1228 2671 1284 2726 pro
1294 2654 1494 2728 zpovedniky.
1505 2651 1533 2731 (i.
1541 2673 1567 2710 9.
1578 2654 1785 2711 institutiones

953 2753 1230 2833 confessariorum.)
1247 2755 1314 2812 Vol.
1338 2771 1361 2811 1.
1380 2755 1421 2813 8⁰.
1441 2772 1502 2830 290
1515 2777 1544 2832 p.
1562 2759 1688 2832 Pragae,
1703 2761 1783 2833 typis

952 2859 1114 2914 Bellmann.
1138 2857 1230 2915 1898.

1039 2965 1076 3018 II.
1105 2964 1210 3018 Plures
1234 2966 1428 3019 recensiones
1456 2965 1617 3020 litterarias
1647 2979 1677 3020 ct
1705 2985 1780 3021 non·

952 3068 1050 3123 991195
1075 3081 1220 3125 tractatus
1245 3087 1305 3124 rem
1328 3068 1505 3124 catholicam
1522 3081 1706 3146 spectantes,
1731 3072 1782 3144 qui

952 3171 1099 3228 habentur
1117 3174 1145 3226 in
1161 3157 1310 3247 ,Casopis
1323 3173 1517 3231 karolicke'ho
1531 3173 1779 3229 duchovenstva“

951 3274 1090 3354 (Pragae,
1108 3278 1188 3352 typis
1205 3274 1373 3354 Rollieek),
1396 3290 1425 3332 et
1448 3277 1568 3351 quidem
1585 3297 1664 3333 anno
1687 3278 1783 3351 1874:

951 3381 1093 3436 Cirkevni
1110 3381 1207 3435 9111991
1224 3399 1261 3435 99
1278 3382 1403 3455 99519νό
1423 3382 1562 3449 svetove;
1587 3401 1665 3439 anno
1688 3383 1782 3455 1877:

951 3482 1080 3540 Sveceni
1095 3484 1185 3558 vody‚
1203 3499 1232 3540 et
1246 3485 1353 3541 eodem
1370 3504 1464 3542 anno:
1482 3486 1678 3542 Budoucnost
1695 3486 1783 3542 11999-

951 3589 1068 3664 iicky'ch
1086 3589 1212 3644 11919119.

1038 3734 1198 3808 Socher
1237 3746 1446 3829 Georgius
1486 3748 1784 3829 (Lunaelacen-

917 3926 919 3930 Α
951 3861 1031 3943 515).
1067 3864 1102 3924 Α
1130 3863 1411 3927 Strasswalchen
1443 3866 1478 3926 in
1509 3867 1640 3928 ducatu
1671 3864 1780 3929 Salis-

950 3985 1122 4066 burgensi
1138 3986 1195 4047 die
1210 3991 1238 4048 9.
1254 3988 1348 4067 Aug.
1368 4006 1445 4065 1747
1461 3998 1574 4070 natus,
1592 3989 1730 4050 emissis
1747 3989 1781 4050 in

952 4108 1166 4169 monasterio
1183 4109 1440 4170 Lunaelacensi
1457 4109 1514 4170 die
1532 4113 1581 4172 28.
1599 4109 1678 4173 Oct.
1701 4114 1779 4189 1795

952 4228 1045 4290 votis
1066 4229 1294 4290 sollemnibus
1316 4249 1408 4290 anno
1430 4235 1509 4308 1799
1527 4231 1709 4293 ordinatus
1726 4242 1781 4293 est

139 4358 302 4418 elabores
316 4375 405 4436 opus
421 4354 873 4437 η11199991119911111191191191
910 4350 913 4451 1
952 4354 1127 4412 sacerdos
1154 4350 1212 4412 Ab
1236 4370 1329 4411 anno
1351 4370 1429 4429 1774
1454 4371 1565 4433 usque
1586 4353 1631 4414 ad
1652 4373 1781 4414 annum

139 4488 242 4541 retum
273 4477 515 4539 iudicantibus
544 4477 728 4557 quibusvis
755 4497 870 4538 rerum

139 4604 163 4663 is
189 4601 224 4662 in
248 4599 465 4662 bibliotheca
490 4598 744 4680 Raigradiensi
772 4618 873 4679 spec-

139 4743 187 4784 im
212 4722 436 4803 proponitur,
461 4722 555 4802 quod
581 4740 684 4781 nemo
709 4729 872 4800 spectan-

145 4844 221 4905 sine
239 4842 529 4922 comprobatione
547 4841 732 4922 relinquet.

139 4956 286 5030 3molil(
319 4968 538 5048 Rupertus
572 4967 872 5047 (Breunoveno

139 5083 326 5164 mensis),
352 5093 457 5144 natus
483 5083 624 5164 Pragae
648 5083 736 5146 Boh.
761 5083 817 5144 die
843 5087 871 5144 5.

142 5211 234 5268 1832.
260 5203 446 5287 Gymnasii
468 5205 594 5266 studiis
612 5206 752 5286 Pragae
770 5207 872 5266 abso-

139 5328 301 5390 habitum
320 5327 592 5389 Benedictinum
609 5326 801 5388 Bievnovii
823 5326 872 5387 in-

139 5455 229 5532 1854,
247 5450 366 5531 ibique
381 5456 409 5512 9.
424 5449 522 5531 Sept.
544 5453 621 5527 1857
637 5468 773 5510 sacram
788 5448 870 5509 emi-

957 4476 1035 4551 1775
1060 4473 1096 4533 in
1119 4471 1212 4534 univ.
1236 4469 1499 4554 Salisburgensi
1520 4473 1781 4554 philosophiam

953 4591 1183 4654 theoreticam
1197 4592 1327 4672 docuit,
1343 4593 1449 4654 rediit
1461 4613 1552 4654 anno
1570 4592 1780 4655 scholastico

957 4719 1036 4793 1776
1072 4725 1226 4776 exeunte
1262 4714 1296 4775 in
1328 4714 1577 4776 monasterium
1609 4714 1782 4775 Lunaela-

953 4854 1069 4915 cense,
1092 4854 1161 4915 quo
1184 4834 1342 4896 extincto
1364 4836 1410 4895 ab
1427 4855 1519 4896 anno
1540 4855 1616 4913 1791
1637 4854 1781 4896 munere

952 4956 1146 5038 parochiali
1174 4955 1208 5017 in
1237 4954 1519 5017 Strasswalchen
1547 4967 1602 5019 est
1628 4954 1780 5018 functus

953 5077 1051 5141 Obiit
1067 5079 1103 5139 in
1119 5078 1244 5138 eodem
1267 5078 1345 5138 loco
1368 5077 1424 5138 die
1446 5083 1496 5140 20.
1514 5077 1603 5140 Nov.
1626 5081 1714 5153 1897.

1039 5199 1205 5279 Scripsit:

1039 5346 1061 5399 1.
1083 5345 1254 5399 Positiones
1271 5361 1306 5398 ex
1324 5342 1549 5417 prolegomenis
1571 5340 1780 5416 philosophiae

952 5462 982 5504 et
999 5446 1235 5504 institutionibus
1252 5446 1368 5518 iogicis
1386 5442 1566 5518 891151191ςί,
1588 5457 1678 5517 1775.
1696 5450 1738 5516 4⁰.
1780 5468 1782 5473 ·

1522 5545 1573 5607 57*
