4088 6270
897 504 1184 590 ...438-

167 706 224 768 die
241 729 270 784 4.
287 706 377 767 Nov.
399 710 490 786 1833,
508 707 676 768 sacerdos
693 706 885 768 saecularis
903 706 999 768 dioe-

167 829 259 893 cesis
275 827 568 891 Vratislaviensis
590 828 647 890 die
674 848 702 888 2.
719 829 783 890 Iul.
806 848 898 891 anno
919 832 999 907 1859

167 950 419 1014 monasterium
443 952 627 1033 ingressus
651 950 708 1012 die
735 971 780 1012 12.
797 949 884 1012 Dec.
906 970 999 1012 anno

172 1077 249 1136 1863
275 1072 394 1154 ibique
416 1083 502 1133 vota
526 1071 642 1133 emisit
662 1071 845 1133 sollemnia
869 1071 925 1133 die
948 1089 998 1150 27.

166 1196 239 1259 Ian.
257 1216 350 1257 anno
372 1200 449 1272 1867
468 1213 646 1274 curaeque
663 1194 833 1275 pastorali
845 1193 999 1273 adscrip-

166 1327 223 1380 tus
244 1337 372 1380 nomen
395 1317 476 1378 tulit
499 1337 568 1379 non
586 1316 764 1378 mediocre
782 1318 828 1379 ab
845 1326 922 1378 arte
943 1335 1000 1377 ca·

166 1440 352 1502 techetica.
377 1440 436 1501 Ab
449 1459 542 1501 anno
560 1442 638 1517 1873
657 1458 872 1501 0660606166
889 1438 1000 1501 616101

166 1561 414 1624 denominatus
433 1568 469 1621 et
485 1560 536 1621 rei
558 1560 712 1622 silvestri
734 1570 770 1623 et
791 1560 998 1622 venatoriae

167 1693 223 1746 est
238 1682 455 1764 praefectus.

253 1824 308 1885 Ex
325 1822 495 1884 idiomate
513 1821 650 1884 Gallico
667 1823 789 1884 vertit:

253 1966 371 2023 Brullr'ee
387 1967 437 2033 M.‚
463 1965 569 2022 Leben
593 1967 646 2022 des
671 1967 762 2022 ehrw.
785 1968 817 2023 P.
835 1967 998 2042 11611610-

164 2071 280 2127 hannes
304 2071 440 2146 Baptista
464 2071 569 2126 Muard
597 2089 666 2126 vom
694 2071 853 2145 heiligsten
878 2071 998 2126 Herzen

164 2176 245 2251 Jesu.
263 2172 292 2253 (1.
303 2193 328 2230 e.
342 2174 431 2230 Vitae
443 2174 563 2230 Ioannis
576 2175 661 2250 Bapt.
676 2175 782 2230 Muard
795 2170 997 2252 curriculum.)

164 2279 228 2335 Aus
241 2279 309 2335 dem
322 2279 571 2335 Franzbsischen.
586 2280 685 2346 wien,
699 2280 794 2335 Franz
808 2280 887 2336 Doll.
906 2277 997 2351 1876.

165 2382 199 2439 8⁰
215 2386 283 2440 min.
302 2384 351 2439 IV.
371 2381 432 2455 568
450 2402 479 2458 p.

251 2530 351 2604 Seitl
373 2542 524 2604 Petrus
543 2542 914 2625 (Raigradiensis),
936 2563 996 2604 na-

163 2672 221 2723 tus
242 2660 448 2723 Austerlicii
472 2661 507 2723 in
529 2661 692 2722 Moravia
714 2681 808 2725 anno
838 2683 915 2741 1747
944 2669 995 2724 30.

168 2784 257 2865 Apr.
281 2783 317 2845 in
341 2783 558 2864 baptismate
581 2783 806 2865 Augustinus
831 2794 994 2859 vocatur;

163 2905 303 2965 scholas
326 2905 561 2966 elementares
586 2905 718 2967 ibidem
739 2905 908 2988 visitavit,
932 2907 995 2968 hu-

163 3026 321 3088 maniora
344 3037 380 3089 et
401 3028 663 3109 philosophiam
679 3030 822 3091 Brunae
847 3029 993 3092 audivit.

163 3150 198 3212 A
213 3149 419 3231 praeposito
438 3150 689 3213 Bonaventura
706 3151 829 3214 ultimo
851 3151 993 3234 regimi-

163 3271 217 3332 nis
233 3271 310 3332 eius
326 3291 419 3333 anno
435 3272 469 3332 in
487 3282 644 3334 nostrum
657 3274 853 3336 adsumitur
866 3293 994 3336 coeno-

162 3393 259 3455 bium
276 3402 312 3455 et
328 3392 451 3455 Chuno
477 3395 693 3474 appellatur;
721 3416 798 3457 cum
820 3415 906 3458 vero
933 3397 993 3459 ab·

163 3517 279 3578 soluto
296 3516 446 3578 tirocinii
464 3536 556 3577 anno
573 3535 711 3578 sacram
724 3517 901 3581 emisisset
913 3540 994 3600 pro-

162 3637 352 3700 fessionem
384 3639 420 3700 in
451 3659 576 3701 manus
607 3640 804 3721 praepositi
833 3640 994 3703 Othmari
1032 3662 1035 3681 ·

161 3781 254 3823 anno
275 3766 354 3840 1764
374 3765 423 3824 25.
441 3761 530 3822 Nov.
552 3762 681 3823 Petrus
702 3772 860 3826 vocatur.
886 3762 994 3826 Soror

161 3883 237 3944 eius
250 3884 351 3964 virgo
368 3883 501 3944 ordinis
516 3882 761 3946 Cisterciensis
776 3895 860 3947 erat.
887 3886 993 3948 Anno

165 4010 244 4082 1768
261 4025 330 4066 666
344 4025 422 4066 6616
435 4005 545 4066 fratre
557 4005 757 4069 Benedicto
770 4008 860 4069 duce
873 4008 912 4070 P.
923 4008 992 4069 Bo-

160 4138 357 4190 naventura
374 4127 616 4190 Breunovium
636 4129 788 4191 mittitur
807 4132 853 4191 ad
874 4130 993 4191 studia

159 4249 363 4331 theologica
391 4250 601 4330 ediscenda,
630 4251 691 4311 ubi
719 4270 784 4331 per
811 4251 992 4313 biennium

160 4380 396 4433 commoratus
425 4373 491 4433 sub
518 4372 636 4453 priore
665 4371 864 4434 Adalberto
891 4372 992 4454 Ray·

159 4513 282 4575 mann,
319 4494 396 4556 viro
433 4495 643 4576 disciplinae
680 4495 899 4557 monasticae
930 4497 991 4557 ob-

159 4617 436 4699 servantissimO,
459 4619 652 4679 secundum
674 4617 777 4678 huius
801 4617 992 4679 relationes

159 4740 254 4800 omni
268 4740 374 4800 laude
393 4739 538 4821 dignum
556 4758 595 4800 se
613 4739 791 4811 exhibuit;
810 4740 992 4801 eratenim

158 4862 203 4923 ad
221 4861 337 4924 omnia
353 4871 549 4941 promptus,
566 4860 717 4942 humiliS,
740 4863 935 4924 observans
956 4874 992 4924 et

158 4984 310 5066 quietus,
327 4984 378 5046 ita
395 4983 548 5064 quidem,
566 4993 605 5044 ut
622 5002 668 5044 ex
684 4983 762 5064 ipso
780 4983 990 5046 consolatio-

158 5127 237 5169 nem
263 5108 412 5169 haberet
441 5106 604 5188 superior
634 5117 670 5168 et
698 5108 864 5187 exemplo
894 5108 990 5169 illum

157 5229 234 5291 aliis
251 5236 479 5310 proponeret.
503 5229 544 5290 In
557 5227 685 5289 studiis
698 5247 783 5289 vero
800 5230 924 5290 tardus
940 5229 991 5290 in-

157 5349 252 5432 genii
270 5352 480 5432 apparebat,
499 5350 661 5431 quamvis
677 5350 764 5411 nulli
781 5350 895 5412 labori
911 5371 990 5431 par-

157 5481 268 5544 ceret;
282 5482 390 5551 atque
402 5473 535 5553 elapso,
546 5471 682 5533 cunctis
695 5471 990 5551 approbantibus

1080 705 1276 768 studiorum
1293 705 1465 768 curriculo
1478 707 1623 789 Pragae
1635 707 1886 772 subdiaconatus

1080 837 1116 890 et
1133 829 1343 891 diaconatus
1360 838 1395 891 et
1412 830 1555 891 domum
1577 832 1694 892 redux
1715 851 1804 894 anno
1826 853 1887 911 1770

1085 954 1131 1014 15.
1149 949 1249 1031 Sept.
1266 951 1455 1032 Raigradii
1476 953 1752 1035 presbyteratus
1772 955 1886 1016 ordines

1080 1072 1248 1153 suscepit,
1263 1072 1391 1153 quibus
1404 1073 1594 1155 insignitus
1613 1053 1751 1152 141061.
1765 1075 1887 1137 Α66161-

1079 1194 1150 1255 11611
1167 1193 1341 1275 primitias
1364 1194 1571 1257 celebravit.
1597 1193 1729 1259 Statim
1750 1206 1827 1278 post
1845 1217 1886 1258 ea·

1079 1315 1232 1377 techista
1247 1315 1281 1376 in
1297 1315 1404 1397 pagis
1417 1316 1634 1379 constitutus
1649 1319 1773 1380 sedulo
1788 1320 1884 1381 labore

1079 1436 1299 1499 iuventutem
1316 1438 1351 1500 in
1367 1437 1550 1519 religionis
1568 1438 1720 1503 scientia
1740 1461 1801 1522 per
1820 1462 1884 1522 qua·

1079 1559 1276 1622 driennium
1298 1560 1484 1622 erudiebat
1504 1569 1542 1623 et
1567 1580 1649 1640 1774
1671 1561 1883 1625 iurisdictione

1078 1682 1326 1763 cooperatoria
1347 1684 1494 1745 obtenta
1515 1703 1630 1764 penes
1650 1684 1882 1747 administrato

1077 1825 1151 1866 rem
1176 1815 1336 1866 curatum
1352 1805 1537 1867 Placidum
1553 1806 1700 1869 Heisler
1719 1807 1881 1870 animarum

1079 1928 1184 1989 saluti
1201 1927 1439 2010 incumbebat,
1457 1947 1561 2009 quem
1580 1928 1696 1991 tribus
1712 1939 1791 2012 post
1804 1930 1881 1992 annis

1078 2050 1124 2111 ad
1150 2048 1257 2111 finem
1284 2049 1443 2130 Augusti
1474 2068 1553 2129 1777
1584 2051 1620 2112 16
1647 2051 1880 2132 parochialibus

1078 2171 1288 2233 exercendis
1301 2181 1456 2253 secutus,
1469 2174 1516 2234 ad
1528 2171 1636 2235 finem
1650 2173 1783 2235 dierum
1794 2192 1881 2254 usque

1077 2313 1143 2375 per
1157 2293 1285 2375 viginti
1304 2312 1431 2356 novem
1448 2313 1561 2356 annos
1577 2296 1670 2358 hanc
1693 2296 1879 2378 provinciam

1077 2416 1213 2477 medios
1230 2416 1321 2478 inter
1337 2416 1497 2478 turbines
1510 2417 1679 2498 politicos
1696 2417 1880 2480 ecclesiasti·

1076 2556 1208 2619 cosque
1226 2558 1306 2600 cum
1323 2539 1477 2600 omnium
1497 2540 1605 2601 laude
1630 2539 1879 2609 administrabat,

1076 2660 1180 2723 sicuti
1193 2661 1293 2723 varia
1309 2663 1454 2723 decreta
1471 2671 1507 2724 et
1523 2662 1800 2744 approbationes
1811 2660 1878 2722 actis

1076 2784 1151 2846 6166
1176 2783 1331 2846 insertae
1357 2792 1543 2847 testantur.
1574 2784 1684 2848 Anno
1710 2783 1877 2846 180011011-

1075 2905 1204 2968 1101616
1222 2905 1326 2968 611661
1343 2906 1514 2988 magister
1532 2918 1621 2970 erat.
1644 2905 1714 2987 Qui
1730 2905 1876 2989 ingenium

1074 3028 1342 3090 inclarescentis
1363 3039 1450 3089 tunc
1471 3028 1723 3108 Iosephinismi
1743 3045 1875 3110 perspec-

1074 3159 1148 3210 tum
1159 3149 1873 3231 habet,cuiusfautorem,exemplispercre·

1074 3272 1322 3333 brescentibus
1339 3272 1499 3352 61166166,
1516 3271 1747 3352 praepositus
1763 3270 1872 3334 Othma-

1074 3414 1133 3456 rus
1147 3395 1227 3475 plus
1236 3414 1350 3476 aeque
1364 3395 1489 3456 iterum
1501 3403 1610 3475 atque
1624 3394 1751 3456 iterum
1762 3394 1870 3474 agebat.

1074 3537 1160 3579 sane
1188 3538 1258 3579 non
1282 3516 1481 3598 mirabitur,
1506 3519 1602 3598 quod
1627 3515 1805 3579 concordia
1823 3512 1871 3574 sra-

1075 3649 1166 3701 trum
1185 3639 1319 3720 pluries
1336 3640 1432 3719 apud
1449 3657 1513 3700 nos
1529 3638 1710 3701 labefacta
1731 3656 1822 3700 unum
1838 3633 1871 3694 al·

1074 3770 1233 3822 terumve
1251 3780 1270 3821 e
1290 3760 1426 3841 gremio
1438 3759 1706 3842 Raigradiensi,
1726 3757 1870 3839 inquibus

1074 3884 1180 3946 611661
1193 3884 1338 3944 Petrum
1356 3890 1524 3962 nostrum,
1538 3883 1585 3944 ad
1598 3880 1707 3943 officii
1719 3881 1769 3943 sui
1780 3888 1870 3960 partes

1074 4007 1291 4067 deserendas
1308 4003 1534 4066 sollicitabat.
1560 4003 1699 4084 Quibus
1719 4020 1812 4085 porro
1829 4018 1870 4060 ex·

1073 4127 1196 4208 plicari
1212 4135 1363 4208 possunt
1385 4145 1454 4187 1106
1476 4126 1590 4186 solum
1616 4126 1774 4187 diversae
1795 4122 1870 4183 aiter·

1074 4249 1232 4311 cationes
1256 4248 1347 4310 inter
1363 4247 1608 4329 praepositum
1626 4258 1663 4310 et
1678 4247 1718 4309 P.
1734 4244 1812 4310 Seitl
1828 4259 1869 4303 no·

1073 4381 1194 4453 strum,
1218 4390 1365 4452 quarum
1387 4371 1540 4431 decursu
1556 4370 1675 4450 quoad
1696 4362 1870 4431 iurisdictio

1072 4515 1151 4557 nem
1169 4503 1206 4556 et
1221 4492 1491 4575 praetensiones
1508 4492 1604 4554 circa
1620 4509 1802 4574 congruam
1816 4502 1869 4546 sus·

1072 4617 1304 4680 tentationem
1328 4615 1584 4696 parochialem,
1613 4633 1766 4677 mensam
1789 4620 1818 4672 et
1836 4607 1868 4666 in·

1072 4739 1280 4801 vestituram
1310 4738 1572 4799 inconsiderate
1601 4735 1730 4798 iterata
1752 4734 1818 4795 vice
1837 4726 1868 4788 ad

1072 4862 1218 4922 decreta
1227 4858 1425 4922 saecularia
1435 4858 1783 4940 appellabat3verum
1791 4851 1867 4914 etiam

1071 4983 1193 5064 liquet,
1210 4982 1308 5044 illum
1321 5001 1414 5044 anno
1433 4985 1511 5060 1783
1526 5000 1592 5062 pro
1606 4978 1769 5062 parochia
1780 4972 1867 5036 Hodo-

1072 5106 1185 5168 niensi
1203 5114 1354 5166 vacante
1378 5113 1414 5166 et
1436 5108 1516 5182 1786
1534 5122 1599 5184 pro
1616 5103 1780 5164 cathedra
1797 5097 1866 5157 theo·

1072 5227 1189 5309 logica
1203 5226 1393 5308 pastoralis
1407 5224 1623 5300 Bohemicae
1636 5219 1800 5288 Olomucii
1810 5231 1865 5278 con·
1916 5198 1918 5291 1

1071 5349 1221 5410 66111666
1245 5357 1464 5429 sperantem,
1492 5346 1570 5408 fore
1594 5356 1633 5408 ut
1661 5346 1803 5426 quietem
1823 5333 1862 5395 (111

1071 5471 1309 5532 desideratam
1324 5469 1374 5531 sic
1391 5467 1667 5531 nancisceretur.
1693 5455 1862 5530 Omnimodo
