4088 6270
834 523 874 533 -
920 483 1066 548 LXXV
1110 520 1153 530 -

153 714 228 778 idem
248 715 281 777 in
305 712 528 777 Germanicis
556 715 660 776 terris
688 713 826 795 imperii
849 710 1032 775 Austriaci
1055 710 1226 792 imprimis
1248 730 1269 771 a
1292 709 1409 771 medio
1432 709 1575 771 saeculo
1599 707 1710 770 XVI:
1731 711 1860 794 evenit,

160 876 217 918 cum
228 853 365 917 Lutheri
388 854 470 937 lege
493 854 600 917 etiam
624 854 660 916 in
675 853 824 916 Austria
846 826 1060 934 pervulgata
1083 848 1314 931 plurimisque
1338 850 1490 930 probata
1514 850 1646 911 multae
1669 851 1861 932 parochiae

163 993 347 1056 anobilibus
369 992 517 1055 Lutheri
539 991 675 1075 placita
697 991 872 1074 amplexis
896 989 1121 1053 monasteriis
1145 988 1367 1069 eriperentur
1383 987 1415 1068 ¹),
1448 998 1510 1049 aut
1538 987 1568 1050 si
1596 1008 1688 1069 quae
1715 990 1861 1053 relictae

167 1142 263 1211 essent,
288 1151 310 1193 a
336 1131 519 1194 monachis
542 1130 719 1211 apostatis
742 1129 988 1192 obtinerentur
1018 1148 1060 1191 ac
1091 1146 1201 1208 saepe
1232 1145 1277 1188 ne
1307 1137 1382 1188 tum
1415 1125 1558 1208 quidem
1590 1126 1861 1210 dimitterentur,

169 1291 221 1332 curn
237 1268 267 1332 in
286 1269 329 1332 iis
353 1269 586 1351 monasteriis
611 1289 703 1351 quae
719 1267 865 1331 Lutheri
888 1266 1066 1329 erroribus
1083 1265 1215 1328 infecta
1232 1275 1333 1328 erant
1342 1265 1376 1346 ²),
1400 1265 1436 1327 vi
1452 1265 1548 1328 civili
1565 1276 1601 1328 et
1617 1251 1861 1331 ecclesiastica

169 1407 338 1488 interposita
360 1408 478 1471 unitas
501 1407 677 1470 catholica
700 1406 866 1469 restituta
889 1415 994 1468 esset.
1027 1402 1165 1485 Quibus
1189 1407 1295 1466 rebus
1319 1404 1567 1467 Ferdinandus
1582 1405 1626 1469 II.
1652 1406 1803 1486 primum
1827 1406 1861 1469 in

171 1544 245 1609 Stiria
263 1558 295 1610 et
311 1545 502 1628 Carinthia,
526 1547 655 1609 deinde
679 1546 714 1608 in
730 1545 879 1610 Austria
902 1543 1084 1626 superiore
1106 1555 1142 1606 et
1162 1543 1327 1605 inferiore
1349 1545 1515 1607 subvenit
1532 1565 1755 1628 magnaeque
1778 1546 1862 1608 inde

171 1695 361 1766 tempestates
384 1705 494 1767 saepe
517 1696 665 1748 exortae
689 1695 770 1749 sunt
783 1686 818 1766 ³).
865 1683 952 1747 Cum
976 1683 1012 1746 in
1035 1683 1259 1747 monasteriis
1282 1682 1431 1764 penuria
1455 1702 1575 1746 eorum
1599 1686 1863 1771 essetquibus

171 1842 275 1887 nunera
284 1824 501 1907 parochialia
517 1824 829 1905 committerentur,
847 1824 945 1886 multi
958 1823 1160 1907 presbyteri
1173 1834 1209 1885 et
1221 1824 1422 1885 saeculares
1435 1834 1472 1885 et
1487 1825 1680 1906 regulareS,
1698 1826 1759 1907 qui
1780 1826 1866 1888 belli

171 1962 306 2027 tricenarii
322 1964 517 2028 terroribus
529 1964 690 2046 percussi
705 1964 740 2026 in
755 1963 938 2026 Austriam
956 1962 1200 2045 confugerant,
1219 1961 1324 2025 facile
1341 1962 1567 2045 benigneque
1584 1965 1728 2045 excepti
1741 1965 1863 2045 sunu).

263 2103 510 2166 Catholicismo
541 2102 576 2165 in
606 2103 753 2166 Austria
782 2104 948 2166 restituto
980 2101 1205 2165 Benedictini
1236 2122 1327 2183 opus
1358 2102 1615 2165 missionarium
1647 2105 1864 2188 redintegra·

170 2253 267 2306 verunt.
309 2243 351 2305 In
379 2243 559 2306 montibus
587 2243 680 2306 enim
702 2244 872 2306 Austriae
896 2242 1103 2323 superioris,
1128 2240 1342 2324 Salisburgi,
1367 2239 1584 2323 Carinthiae,
1611 2241 1741 2306 Stiriae
1765 2243 1864 2306 multi

169 2389 245 2460 erant,
266 2380 323 2462 qui
347 2380 482 2443 severis
505 2381 632 2445 edictis
654 2402 724 2445 non
747 2382 908 2445 deterriti
930 2381 1076 2444 Lutheri
1100 2380 1296 2443 doctrinam
1319 2379 1580 2462 profiterentur.
1627 2381 1724 2463 Quos
1756 2393 1795 2445 ut
1818 2386 1864 2446 ad

169 2517 409 2583 catholicismum
425 2522 647 2603 reducerent,
669 2521 904 2603 imperatores
920 2519 1143 2584 monasteriis
1159 2520 1342 2603 negotium
1359 2521 1544 2602 dederunt,
1568 2531 1607 2584 ut
1623 2521 1863 2584 nrissionarios

167 2650 190 2715 in
208 2676 240 2718 ea
264 2660 341 2722 loca
370 2659 562 2724 mitterent.
607 2660 714 2723 Anno
745 2659 852 2722 etiam
887 2663 967 2739 1756
998 2658 1207 2740 imperatrix
1238 2659 1352 2721 Maria
1381 2659 1550 2721 Therasia
1581 2659 1862 2723 Maximilianum

167 2789 352 2879 Kunzlinger
381 2798 625 2861 Mellicensem
659 2819 738 2862 cum
773 2820 838 2862 sex
872 2799 1072 2880 monachis,
1107 2798 1168 2879 qui
1202 2808 1303 2861 erant
1334 2818 1353 2861 e
1384 2798 1598 2862 monasterio
1630 2797 1864 2881 Gottvicensi,

166 2925 431 3018 Seitenstettensi,
455 2936 702 3019 Admontensi,
726 2936 999 3019 Mariacellensi,
1024 2934 1221 3018 Garstensi,
1250 2937 1346 2999 misit
1369 2936 1405 2998 in
1429 2935 1644 2999 Carinthiam
1668 2939 1864 3019 eodemque

165 3074 290 3154 tempore
314 3058 532 3139 Benedictus
555 3077 711 3160 Bonetti‚
735 3077 962 3160 Mellicensis,
987 3078 1041 3140 vir
1064 3077 1184 3159 magni
1207 3077 1242 3140 in
1266 3077 1507 3158 praedicando
1531 3076 1691 3159 nominis,
1715 3079 1865 3161 legatio-

164 3206 239 3273 nibus
259 3213 490 3277 missionariis
513 3214 549 3277 in
572 3216 750 3279 montibus
774 3216 975 3279 Austriacis
998 3225 1164 3296 praeerat
1179 3215 1213 3297 ⁵).

262 3351 302 3413 In
324 3352 513 3435 Hungaria
535 3355 698 3417 monachi
722 3354 855 3418 Montis
876 3354 1085 3418 Pannoniae
1108 3354 1203 3417 omni
1232 3355 1336 3416 modo
1365 3354 1453 3416 enisi
1481 3365 1579 3436 sunt,
1609 3365 1647 3419 ut
1674 3358 1866 3438 populares

162 3479 282 3552 Turcico
305 3490 456 3572 imperio
479 3511 672 3574 oppressos
696 3493 731 3554 in
754 3492 852 3554 avita
875 3493 1037 3555 doctrina
1059 3466 1254 3555 retinerent
1282 3502 1317 3554 et
1342 3492 1600 3559 confirmarent.
1648 3495 1752 3559 Clara
1785 3508 1867 3559 sunt

159 3626 276 3690 uomina
295 3629 336 3693 P.
361 3627 527 3714 Gregorii
549 3631 781 3714 aliorumque,
806 3631 865 3713 qui
889 3631 1033 3695 summis
1056 3632 1237 3694 laboribus
1260 3652 1329 3694 non
1353 3633 1513 3695 deterriti
1536 3654 1655 3698 curam
1672 3637 1866 3700 animarum

156 3778 323 3840 gesserunt
337 3768 372 3850 6).

264 3906 396 3990 Magna
419 3907 456 3970 vi
479 3919 589 3991 erant,
614 3930 706 3991 quae
730 3914 776 3973 ab
800 3911 1013 3992 imperatore
1036 3912 1189 3992 Iosepho
1213 3910 1257 3973 ΙΙ.
1288 3910 1324 3972 in
1355 3913 1461 3973 rebus
1493 3912 1656 3974 civilibus
1689 3922 1725 3975 et
1754 3914 1866 3975 eccle-

157 4037 288 4106 siasticis
310 4056 527 4110 commutata
550 4057 632 4111 sunt
647 4048 680 4128 ⁷).
726 4049 882 4112 Plurima
905 4051 1119 4113 monasteria
1143 4052 1458 4132 exaugurabantur
1480 4071 1610 4132 magno
1634 4072 1713 4114 cum
1738 4052 1867 4115 damno

268 4307 287 4389 ¹)
308 4313 393 4369 Multi
418 4313 524 4370 horum
548 4312 691 4370 nobilium
716 4316 833 4390 coeptis
857 4314 979 4371 nefariis
1007 4317 1079 4371 iuris
1108 4317 1239 4391 speciem
1268 4318 1309 4372 ita
1336 4314 1590 4392 praetendebant,
1625 4330 1656 4371 ut
1683 4315 1819 4373 dicerent
1848 4337 1866 4374 a

159 4414 213 4470 suis
231 4424 384 4482 maioribus
408 4426 570 4502 parochias
592 4428 784 4483 monasteriis
807 4426 934 4484 donatas
956 4446 1038 4494 esse,
1067 4428 1116 4483 alii
1146 4430 1225 4503 iique
1248 4428 1339 4502 longe
1362 4429 1479 4504 plurimi
1508 4441 1612 4503 spreto
1641 4430 1750 4503 quovis
1777 4449 1866 4505 prae·

160 4531 229 4586 te¹tu
247 4535 308 4592 sola
330 4540 359 4593 vi
383 4538 610 4613 grassabantur.
650 4539 697 4597 Cf.
721 4540 829 4615 singul.
855 4553 981 4597 monast.
1005 4541 1158 4597 historias.

267 4645 287 4727 ²)
309 4649 355 4708 ct.
380 4669 453 4727 pars
477 4652 500 4708 1.

266 4760 288 4839 ³)
311 4763 349 4820 Ut
371 4761 474 4820 Stirae
496 4765 526 4820 in
548 4764 670 4822 Austria
695 4767 863 4843 superiore,
888 4768 971 4823 cuius
995 4767 1139 4842 parochia
1162 4765 1528 4823 monasterioGarstensi
1551 4766 1691 4824 adiuncta
1715 4783 1788 4825 erat.

267 4873 289 4951 ⁴)
310 4877 355 4932 lta
382 4876 471 4933 facile
500 4877 695 4952 intellegitur,
728 4897 781 4934 cur
813 4881 841 4933 in
873 4879 1024 4954 parochiis
1055 4881 1305 4936 monasteriorum
1331 4877 1558 4936 Austriacorum
1589 4898 1627 4936 eo
1658 4893 1794 4957 tempore
1823 4895 1868 4938 tot

161 4961 253 5040 fuerint
271 4989 371 5045 vicarii
396 5007 414 5045 e
437 4990 526 5045 terris
550 4989 702 5048 Rhenanis
725 4991 772 5047 vel
797 4988 909 5047 Suevia
931 4991 980 5046 vel
1004 4992 1131 5047 Bavaria
1155 4993 1222 5048 orti.

268 5098 289 5178 ⁵)
311 5100 490 5175 Keiblinger
513 5102 531 5158 l.
557 5121 582 5159 c.
607 5103 644 5171 I.;
670 5104 782 5170 Friess,
807 5100 892 5160 Stud.
917 5103 934 5160 l.
960 5123 985 5160 c.
1010 5104 1046 5161 V.

269 5206 289 5289 6)
310 5213 418 5270 Cziuar
441 5214 458 5271 Ι.
484 5233 510 5271 c.

270 5321 289 5402 ⁷)
311 5324 372 5382 Iam
394 5326 489 5382 Maria
512 5327 660 5384 Theresia
683 5329 872 5403 imperatrice
901 5340 977 5400 1771
1005 5326 1134 5383 edictum
1158 5340 1232 5394 erat,
1256 5341 1288 5384 ut
1311 5345 1415 5385 omnes
1439 5328 1600 5403 parochiae
1624 5331 1865 5397 monasteriales,

174 5430 230 5487 ‘luae
247 5451 298 5491 uon
320 5438 423 5495 saltem
448 5440 536 5495 trium
560 5440 800 5497 conventualium
824 5459 919 5517 opera
942 5453 1190 5516 procurarentur,
1215 5438 1401 5516 presbyteris
1430 5438 1635 5497 saecularibus
1664 5442 1864 5499 traderentur.

1623 5541 1660 5589 k*
