4034 6262
877 494 1160 563 „270-

144 684 248 748 nibus
271 680 490 766 glorificetur
512 680 620 744 Deus.
644 681 747 744 Prior
770 681 975 744 monasterii

144 824 209 887 per
224 824 289 867 sex
306 822 418 866 annos
434 803 595 886 spiritum
613 822 639 866 s.
657 802 785 886 Patris,
808 822 878 884 quo
896 802 973 884 ipse

144 928 270 1009 plenus
285 925 364 1007 fuit,
386 925 544 989 excitare
567 924 746 989 custodire
771 942 974 1007 augereque

144 1048 295 1131 impigre
310 1047 497 1110 laboravit.
521 1046 626 1110 Ultra
641 1054 780 1127 septem
794 1048 907 1109 lustra
924 1045 974 1108 di·

1055 683 1083 743 8.
1101 678 1201 762 Sept.
1223 684 1300 760 1745
1324 680 1509 764 professus
1532 689 1570 744 et
1590 680 1709 743 studia
1728 682 1879 763 philoso.

1054 802 1160 883 phica
1176 811 1212 865 et
1228 803 1431 885 theologica
1447 801 1577 885 partim
1591 801 1784 886 Cremifani,
1794 826 1875 888 par.

1053 924 1117 988 tim
1133 922 1333 1008 Salisburgi
1349 925 1559 1007 complexus
1576 924 1634 987 die
1651 928 1698 987 18.
1710 923 1781 990 Oct.
1793 935 1871 1007 1750

1054 1047 1269 1110 sacerdotali
1285 1047 1461 1130 dignitate
1473 1058 1601 1110 auctus
1614 1056 1680 1110 est.
1696 1044 1870 1113 Cremifani

142 1167 306 1232 ficillimis
337 1168 613 1250 tempestatibus
644 1188 771 1231 munus
801 1167 975 1250 praefecti
1013 1196 1016 1249 l
1054 1168 1204 1251 primum
1224 1169 1487 1252 principiorum,
1511 1189 1578 1252 per
1598 1168 1780 1233 triennium
1794 1171 1869 1252 phi-

142 1290 321 1374 gymnasii
338 1290 388 1354 ita
404 1290 582 1372 sustinuit,
600 1302 639 1353 ut
651 1309 807 1353 amorem
819 1309 861 1352 ac
873 1309 975 1352 reve·

142 1413 293 1476 rentiam
310 1413 379 1475 sibi
395 1423 467 1476 tam
488 1432 509 1474 a
531 1412 774 1494 superioribus
798 1432 905 1494 quam
928 1414 974 1474 ab

143 1534 379 1616 inferioribus,
400 1534 590 1618 gymnasio
606 1554 691 1598 vero
708 1534 847 1617 insigne
865 1536 974 1597 decus
1013 1602 1016 1635 Ι

143 1656 334 1737 pepererit.
360 1655 584 1719 Confratrum
601 1666 738 1719 amator
755 1666 791 1719 et
807 1655 904 1719 vitae
920 1675 974 1718 re-

143 1777 292 1860 ligiosae
308 1788 490 1860 promotor
507 1788 543 1841 et
558 1778 719 1861 singulos
736 1787 772 1840 et
789 1776 974 1840 universos

144 1900 253 1963 coluit
277 1910 313 1964 et
337 1900 426 1963 fovit
433 1951 442 1982 ,
467 1900 659 1964 abbatibus
684 1901 814 1963 nostris
842 1900 975 1980 optime

144 2023 289 2104 meritis,
303 2023 472 2104 Mathiae,
485 2024 627 2105 Iacobo,
640 2023 763 2086 Ioanni
777 2023 882 2103 Bapt.
897 2042 976 2104 per·

144 2145 277 2208 similis.
313 2146 396 2227 Ipse
424 2145 640 2209 monasterio
668 2146 844 2208 novellam
873 2146 976 2207 sobo-

142 2268 222 2349 lem,
244 2267 497 2330 bibliothecam
518 2289 559 2331 ac
581 2288 607 2330 s.
627 2268 884 2349 supellectilem
905 2287 977 2329 ma·

143 2408 215 2471 gna
237 2408 282 2451 ex
305 2399 409 2471 parte
430 2390 598 2472 providit,
621 2402 658 2453 et
679 2400 762 2471 post
782 2390 919 2453 tristem
940 2408 977 2452 ro

145 2531 316 2574 annorum
325 2512 583 2594 dispersionem
593 2511 885 2594 suapotissimum
893 2532 977 2595 ope·

144 2654 184 2696 ra
200 2634 251 2696 rei
267 2644 410 2697 nostrae
432 2654 497 2698 nos
517 2634 682 2698 restituit.
707 2635 772 2697 Pie
793 2634 881 2698 obiit
902 2635 977 2698 Me·

144 2756 221 2818 rani
247 2777 292 2835 19.
313 2756 389 2820 Iun.
415 2761 510 2838 1820,
534 2755 888 2821 honorificentissime
912 2775 976 2837 pro

145 2877 280 2940 meritis
301 2879 432 2960 elatus,
457 2881 502 2942 ad
519 2880 704 2941 Placidum
725 2880 893 2942 abbatem
915 2897 976 2960 ap-

145 2998 285 3081 positus
314 3011 377 3064 est.
413 3002 488 3065 Erit
511 3003 680 3065 memoria
708 3003 783 3065 eius
811 3002 846 3065 in
868 3003 976 3064 bene-

146 3121 309 3184 dictione.
326 3122 588 3187 Dilectissimus
600 3124 703 3187 nobis
716 3123 894 3187 confrater
907 3123 975 3185 Be-

145 3245 319 3327 nedictuS,
328 3251 565 3327 per37annos
574 3247 762 3330 gymnasio
772 3246 974 3310 Meranensi

145 3367 360 3451 praefectus,
381 3371 607 3451 latebrarum,
629 3370 771 3452 quaein
789 3369 975 3432 iuvenibus

144 3500 240 3572 sunt,
268 3491 521 3574 sagacissimus
549 3493 755 3574 explorator
778 3493 975 3575 praemissa

143 3613 244 3675 brevi
256 3613 434 3696 gymnasii
449 3614 598 3677 historia
610 3615 751 3678 nomina
764 3614 975 3696 conscripsit

143 3754 329 3818 moresque
345 3736 484 3799 notavit
500 3736 654 3799 omnium
671 3736 849 3820 gymnasii
866 3738 974 3800 alum·

143 3877 266 3921 norum
283 3861 328 3921 ab
346 3879 438 3922 anno
459 3863 537 3938 1782
555 3878 669 3941 usque
683 3860 728 3921 ad
746 3863 836 3941 1819,
853 3880 973 3923 manu-

142 3981 314 4062 scriptum
341 3981 436 4044 omni
461 3981 709 4045 aestimatione
734 3981 891 4065 dignum,
919 3981 975 4044 cui

142 4102 279 4165 titulus:

229 4247 342 4303 Namen
358 4246 418 4303 und
434 4247 583 4304 Conduite
600 4246 654 4304 der
666 4246 843 4316 Studenten,
861 4248 975 4304 welche

142 4349 419 4426 vomJahre1782
443 4351 635 4427 angelangen
660 4371 698 4408 an
720 4370 857 4409 anserem
878 4351 973 4428 Gym-

142 4457 257 4512 nasium
273 4456 432 4513 studirten.
449 4452 478 4531 (i.
489 4474 515 4512 e.
528 4457 655 4513 Nomina
670 4475 846 4531 morumque
859 4458 974 4513 notatio

142 4561 272 4616 omnium
285 4562 432 4634 gymnasii
446 4562 541 4617 nostri
554 4561 740 4617 alumnorum
752 4558 791 4618 ab
801 4579 880 4618 anno
894 4560 971 4635 1782

142 4661 292 4743 —1819.)
313 4670 356 4737 4⁰.
373 4666 430 4721 Ms.
453 4680 463 4720 1
484 4665 543 4721 vol.
566 4663 629 4738 836
645 4684 675 4740 p.
699 4666 733 4721 ln
748 4664 872 4722 archivo
888 4685 973 4741 gym-

142 4769 217 4823 nasii
233 4769 403 4826 Meranens.
421 4768 540 4825 adserv.

227 4950 509 5047 Langhayder
535 4960 840 5025 Constantinus
869 4962 972 5044 (Cre-

143 5077 419 5159 miianensis),
451 5089 556 5142 antea
588 5079 778 5161 Iosephus,
810 5077 973 5144 Silvestri

143 5199 381 5282 Langhayder
403 5200 514 5263 frater
534 5221 739 5283 germanuS,
761 5201 972 5265 Austriacus

144 5321 436 5402 BerghamensiS,
466 5328 513 5385 13.
534 5323 596 5386 Iul.
623 5326 702 5400 1726
727 5330 831 5384 natus
855 5325 973 5386 studia

144 5440 335 5504 Cremifani
355 5442 510 5504 absolvit
530 5454 566 5504 et
582 5455 712 5506 exacto
733 5443 894 5506 tirocinio
915 5445 972 5507 die

1054 1291 1247 1373 losophiae,
1264 1292 1311 1354 ab
1327 1311 1419 1355 anno
1440 1295 1519 1372 1757
1538 1293 1739 1355 matheseos
1753 1303 1784 1355 et
1794 1291 1872 1373 phi-

1054 1413 1237 1496 losophiae
1254 1414 1545 1496 experimentalis
1561 1412 1741 1496 professor
1759 1413 1872 1476 sinul-

1055 1554 1124 1618 que
1144 1534 1270 1598 tertius
1294 1536 1499 1598 academiae
1523 1535 1697 1599 nobilium
1718 1537 1876 1618 ephorus,

1054 1656 1155 1720 initio
1172 1657 1254 1720 anni
1275 1662 1350 1736 1761
1371 1655 1620 1739 Salisburgum
1637 1656 1724 1720 abiit
1741 1668 1772 1720 et
1787 1654 1881 1719 iuris

1054 1779 1238 1861 utriusque
1259 1781 1383 1843 doctor
1403 1789 1545 1843 creatus
1566 1798 1594 1842 s.
1612 1797 1776 1842 canonum
1792 1795 1882 1861 pro-

1054 1900 1169 1963 fessor
1190 1901 1225 1963 in
1246 1900 1479 1964 universitate
1496 1900 1731 1964 Benedictina
1745 1899 1884 1962 instim-

1055 2032 1113 2086 tus
1130 2024 1217 2087 etin
1234 2024 1418 2086 consilium
1435 2023 1715 2086 ecclesiasticum
1734 2019 1884 2085 celsissi-

1056 2147 1103 2209 mi
1119 2146 1291 2229 principis
1307 2155 1344 2209 et
1360 2145 1621 2228 archiepiscopi
1637 2142 1880 2227 Salisburgen·

1057 2269 1106 2331 sis
1123 2268 1315 2333 adhibitus.
1339 2268 1398 2331 Ab
1415 2287 1507 2331 anno
1525 2272 1605 2348 1766
1622 2274 1735 2330 rector
1747 2266 1881 2349 magni·

1056 2389 1144 2454 ficus
1166 2390 1408 2454 universitatis
1432 2401 1468 2454 et
1492 2390 1689 2454 celsissimo
1712 2388 1876 2470 archiepi-

1058 2532 1167 2595 scopo
1191 2515 1237 2575 ab
1261 2513 1392 2576 intimis
1409 2513 1567 2576 consiliis
1589 2514 1634 2576 de
1655 2532 1694 2576 re
1713 2510 1871 2575 litteraria

1057 2635 1191 2717 optime
1203 2635 1349 2698 meritus
1366 2646 1402 2698 et
1415 2634 1671 2717 amplissimum
1683 2635 1865 2697 monasterii

1057 2757 1110 2821 sui
1127 2759 1236 2821 decus
1252 2757 1341 2820 obiit
1358 2779 1408 2836 29.
1426 2762 1508 2822 Dec.
1529 2760 1622 2842 1787.

1143 2879 1291 2942 Praeter
1312 2880 1432 2943 theses
1448 2877 1850 2962 physico-mathematicas

1055 3003 1091 3066 in
1107 3003 1222 3066 lucem
1239 3003 1354 3066 editas
1371 3002 1601 3084 conscripsit:

1141 3130 1164 3186 Ι.
1187 3130 1234 3186 De
1252 3128 1405 3205 multiplici
1422 3129 1651 3205 privilegiorum
1667 3126 1842 3203 significatione

1055 3252 1221 3310 eorumque
1236 3236 1360 3292 notione
1375 3236 1507 3309 genuina
1527 3247 1558 3291 et
1578 3231 1781 3291 adlectionibus
1792 3245 1840 3305 pro·

1055 3342 1129 3416 priis
1156 3340 1339 3397 dissertatio
1367 3337 1554 3414 Salisburgi,
1589 3337 1679 3414 1766.
1705 3343 1742 3411 4⁰.
1764 3334 1837 3413 (Qut-⁰¹

1055 3445 1296 3502 dissertationem
1319 3445 1504 3501 clarissimus
1525 3444 1569 3502 10.
1587 3444 1662 3501 Phil.
1678 3441 1836 3502 Steinhuer.
1911 3435 1913 3471 ³

1054 3549 1269 3624 pandectarum
1296 3547 1465 3624 Salisburgi
1494 3547 1654 3624 professor
1687 3554 1834 3626 ,perpetulm
1910 3554 1913 3591 ἱ

1054 3653 1215 3728 singularis
1233 3672 1359 3730 prorsus
1380 3666 1410 3709 ct
1433 3652 1686 3729 profundissimae
1706 3643 1832 3710 eruditioris
1908 3672 1913 3715 ;

1054 3758 1284 3815 documentum“
1303 3754 1490 3836 appellavit.)
1908 3822 1913 3833 Ι

1142 3863 1178 3919 II.
1200 3863 1246 3919 De
1267 3862 1376 3937 legatis
1397 3876 1427 3918 et
1448 3864 1559 3919 nuntiis
1576 3860 1742 3939 pontificum
1755 3866 1833 3915 eorum·
1907 3915 1913 3927 ,

1055 3986 1114 4042 que
1131 3966 1200 4024 latis
1217 3980 1247 4023 et
1263 3979 1415 4043 potestate
1432 3969 1648 4025 commentatio
1664 3966 1833 4024 historico-u·

1055 4074 1173 4129 nonica.
1198 4070 1378 4146 Salisburgi,
1401 4070 1492 4145 1785.
1906 4050 1913 4073 ⁴

1140 4217 1424 4314 Langhayder
1450 4228 1695 4293 Meinradus
1719 4213 1830 4309 (erenri-
1905 4276 1913 4314 ἶ

1054 4347 1265 4428 fanensis),
1281 4356 1387 4410 antea
1399 4346 1629 4430 Erenbertus,
1645 4339 1829 4411 fraterslve
1905 4374 1913 4441 ἰ

1054 4469 1118 4532 stri
1131 4479 1167 4532 et
1180 4469 1402 4532 Constantini
1410 4468 1661 4554 langhayder,
1670 4465 1829 4534 Austriacus
1905 4514 1913 4560 ⁴.

1053 4590 1341 4674 Berghamensis,
1356 4591 1412 4654 die
1429 4613 1476 4654 11.
1487 4591 1593 4657 Febr.
1608 4597 1684 4672 1731
1698 4587 1829 4655 natusest

999 4773 1001 4778 .
1054 4710 1191 4777 Studiis
1217 4710 1407 4775 Cremifani
1434 4715 1608 4777 absolutis
1633 4704 1829 4779 monasterium
1906 4756 1913 4805 2

1053 4835 1138 4897 illud
1162 4834 1345 4917 ingressus
1368 4845 1453 4898 vota
1481 4836 1668 4900 sollemnia
1693 4831 1785 4899 emisit
1799 4837 1829 4885 ²1·
1905 4805 1913 4823 ²

1052 4957 1341 5039 Nov.1753,inter
1350 4958 1477 5020 artium
1487 4953 1829 5039 liberaliummagistrls
1907 5010 1912 5040 ÷

1052 5099 1117 5143 nec
1148 5100 1218 5142 non
1249 5080 1450 5162 theologiae
1475 5081 1691 5145 Viennensis
1715 5077 1828 5142 doctores

1057 5205 1134 5280 1757
1160 5213 1349 5282 cooptatus
1373 5201 1430 5264 die
1459 5223 1486 5267 1.
1509 5202 1601 5267 Nov.
1631 5196 1826 5284 1758111118ω
1905 5196 1913 5256 ἔτ

1051 5323 1168 5386 laudis
1183 5324 1334 5387 hostiam
1351 5325 1519 5387 sacerdos
1535 5325 1665 5389 litavit.
1685 5321 1772 5390 cells
1782 5308 1827 5376 Ml'

1052 5445 1160 5508 rianis
1172 5447 1208 5509 in
1220 5446 1365 5509 Austria
1378 5446 1546 5511 inferiore
1560 5446 1782 5519 confessarius,
1792 5432 1828 5494 dt
1908 5426 1912 5435 ¹
