4088 6270
864 533 904 542 —
950 493 1090 558 XCVII
1133 531 1176 539 -

283 725 359 787 Hoc
376 744 462 787 vero
486 723 641 787 studium
664 723 878 804 imperatore
895 721 1021 786 Carolo
1037 723 1098 786 IV.
1114 722 1262 784 laetiora
1278 722 1374 802 cepit
1397 723 1625 785 incrementa.
1657 723 1779 800 Atque
1795 718 1887 784 inter

154 865 422 954 multosrerum
444 863 637 945 scriptores
661 862 806 926 summis
829 863 993 925 laudibus
1008 863 1227 924 honorantur
1242 861 1426 942 Neplacho
1449 862 1652 943 monachus,
1678 859 1739 942 qui
1761 880 1782 922 a
1806 858 1887 922 Cle-

159 1015 274 1066 mente
288 1002 348 1064 VI.
372 1003 475 1083 Papa
498 1002 612 1064 abbas
635 1001 839 1064 monasterii
863 999 1137 1082 Opatovicensis
1166 1009 1306 1062 creatus
1329 1019 1422 1062 anno
1449 1004 1527 1078 1371
1558 999 1697 1062 circiter
1729 1003 1887 1062 mortuus

167 1153 227 1206 est.
262 1141 410 1224 Scripsit
443 1116 680 1226 ,Summulain
709 1140 896 1203 chronicae
927 1148 999 1202 tam
1026 1139 1214 1202 Romanae
1244 1159 1348 1219 quam
1372 1137 1619 1220 Bohemicae“,
1648 1150 1687 1200 ut
1716 1137 1887 1201 fratribus

172 1279 312 1342 libellum
334 1281 503 1362 traderet,
527 1299 632 1361 quem
659 1279 694 1342 in
726 1279 897 1341 discenda
927 1279 1075 1341 historia
1098 1277 1321 1358 potissimum
1344 1278 1581 1340 Bohemorum
1605 1287 1837 1358 sequerentur
1853 1279 1886 1360 Ι).

176 1417 236 1481 His
255 1419 399 1500 denique
422 1419 497 1482 vita
520 1439 547 1482 s.
570 1418 747 1500 Procopii,
775 1417 897 1499 lingua
920 1426 1042 1480 vetere
1066 1417 1302 1479 Bohemorum
1325 1415 1487 1478 versibus
1519 1415 1554 1476 in
1585 1417 1736 1479 eundem
1764 1436 1888 1479 sonum

183 1560 368 1622 exeuntibus
391 1558 526 1639 scripta
549 1558 633 1621 addi
657 1566 786 1639 potest,
812 1577 917 1639 quam
940 1557 1150 1619 monachum
1175 1557 1351 1636 quendam
1368 1554 1618 1618 Sazaviensem
1644 1556 1887 1636 composuisse

187 1698 234 1759 vix
252 1698 429 1780 quisquam
450 1696 638 1780 negaverit
652 1697 686 1778 ²).

289 1834 398 1900 Simili
429 1836 550 1918 mod0,
583 1854 674 1917 quae
706 1834 934 1897 innotuerunt
964 1836 1009 1895 de
1046 1833 1242 1916 originibus
1276 1833 1568 1896 monasteriorum
1581 1837 1605 1914 ³)
1638 1846 1746 1917 atque
1777 1835 1888 1898 series

195 1975 328 2037 abbatum
341 1975 364 2056 4)
397 1974 751 2055 enumerationesque
780 1973 1029 2055 episcoporum
1060 1983 1104 2044 et,
1137 1972 1166 2034 si
1198 1992 1288 2053 quae
1317 1972 1385 2034 alia
1414 1973 1556 2036 maioris
1585 1985 1685 2036 erant
1708 1974 1886 2056 momenti,

194 2111 287 2174 litteris
313 2113 474 2176 mandari
503 2113 572 2176 iam
606 2114 748 2176 saeculo
777 2112 861 2175 XII.
894 2122 1022 2194 coepta
1053 2121 1134 2175 sunt
1149 2113 1183 2191 5).
1221 2111 1267 2172 Et
1290 2110 1561 2173 commentarios
1584 2112 1651 2174 hoc
1675 2114 1781 2175 modo
1805 2131 1887 2175 con-

197 2259 295 2332 ceptos,
323 2253 384 2334 qui
414 2251 450 2313 in
481 2251 695 2334 explicanda
721 2251 868 2314 historia
895 2251 1186 2313 monasteriorum
1217 2260 1253 2311 et
1275 2250 1418 2311 humani
1442 2251 1556 2312 cultus
1584 2250 1767 2333 civilisque
1791 2252 1886 2313 haud

197 2389 268 2466 parvi
295 2390 399 2472 pretii
437 2401 536 2472 sunt,
574 2389 725 2472 plurima
760 2390 973 2453 monasteria
1007 2389 1146 2471 imperii
1176 2389 1357 2451 Austriaci
1391 2390 1534 2450 habent.
1580 2388 1677 2470 Quos
1713 2410 1888 2453 commen-

197 2526 273 2589 tan'os
292 2528 350 2610 qui
373 2530 657 2611 conscripserint,
681 2529 896 2610 ignoramus
943 2526 1180 2590 Cremisanum
1204 2536 1356 2607 tantum,
1386 2545 1455 2607 quo
1483 2526 1519 2588 in
1547 2529 1761 2590 monasterio
1784 2547 1886 2609 prae-

198 2662 277 2747 cipue,
298 2688 375 2730 cum
391 2677 559 2750 regnaret
574 2666 776 2729 Fridericus
793 2668 838 2728 de
854 2665 949 2727 Aich
963 2666 1076 2726 abbas
1093 2675 1247 2727 exeunte
1264 2666 1407 2727 saeculo
1420 2665 1532 2746 XIII,
1550 2667 1712 2729 monachi
1729 2667 1887 2729 studiose

125 2880 127 2889 Ι
198 2820 235 2864 res
251 2818 360 2888 gestas
383 2807 700 2889 persequebantur,
724 2804 935 2886 scriptorum
960 2803 1120 2866 notitiam
1144 2814 1259 2884 tenet,
1284 2802 1438 2886 Sigmari
1462 2805 1594 2867 cellarii
1618 2817 1653 2869 et
1675 2806 1886 2888 Hertweigii

197 2940 298 3026 prioris,
320 2964 467 3027 quorum
491 2945 683 3027 praecipue
705 2943 764 3007 ille
788 2944 842 3006 vir
864 2943 1231 3026 insignis-industriae
1255 2943 1330 3024 fuit,
1363 2964 1442 3005 cum
1471 2964 1540 3007 non
1570 2947 1682 3008 solum
1706 2945 1888 3009 historiam

125 3070 128 3119 ÷
197 3084 362 3146 nonasterii
384 3085 439 3146 sui
462 3092 497 3146 et
520 3083 596 3146 iura
620 3092 800 3165 tractaret,
824 3083 887 3144 sed
912 3082 1018 3144 etiam
1042 3092 1144 3145 extra
1167 3083 1231 3144 hos
1252 3080 1340 3144 fines
1357 3093 1520 3145 versatus
1544 3103 1665 3145 omnes
1681 3104 1739 3146 res
1755 3104 1888 3166 graves

197 3213 356 3285 infinibus
393 3222 721 3304 archiepiscopatus
758 3220 1014 3283 Laureacensis
1051 3231 1086 3283 et
1122 3221 1352 3303 episcopatus
1387 3223 1634 3285 Passaviensis
1674 3233 1797 3306 gestas
1837 3225 1888 3286 in-

203 3405 467 3422 Q.—

290 3546 310 3626 Ι)
332 3546 420 3603 Edid.
444 3547 512 3614 Pez,
536 3545 648 3623 Script.
672 3565 730 3602 rer.
751 3545 853 3602 Austr.
878 3546 914 3601 Il.

290 3656 311 3738 2)
332 3659 474 3728 FeiialiIr,
503 3657 629 3716 Studien
657 3678 709 3714 zur
730 3657 914 3714 Geschichte
944 3657 998 3712 der
1024 3656 1263 3713 altbdhmischen
1286 3658 1453 3713 Litteratur
1482 3660 1509 3712 in
1533 3656 1811 3733 Sitzungsberichte
1834 3660 1889 3716 der

125 3826 128 3879 i
196 3758 349 3828 tintad.
367 3771 395 3828 d.
413 3772 613 3838 Wissensch.‚
631 3770 787 3847 phu-hist.
805 3770 920 3827 Classe.
952 3770 986 3824 In
1009 3767 1153 3844 operibus
1176 3768 1649 3845 antiquioribusantiquissimum
1667 3785 1888 3828 monumentum

196 3881 327 3939 nominatur
359 3884 448 3954 „Vita
475 3904 500 3940 s.
522 3883 711 3940 Wenzesiai“
746 3901 764 3938 a
792 3883 973 3939 Christauno
1005 3882 1135 3956 quodam
1167 3883 1313 3938 monacho
1341 3885 1558 3939 Bievnoviensi
1590 3886 1806 3959 conscriptum,
1839 3887 1889 3958 qui

125 4006 127 4011 ·
196 3982 248 4047 iiius
265 3995 390 4053 Boleslai
415 3998 437 4053 1.
463 3996 624 4052 Bohemiae
647 3995 731 4051 ducis
755 3994 847 4051 fuisse
870 3995 987 4052 dicitur.
1024 3993 1086 4051 Sed
1109 4008 1207 4051 tamen
1231 3994 1425 4070 Dobrowsky
1448 3998 1490 4051 in:
1514 3994 1715 4071 Abhandlung
1738 3996 1792 4052 der
1813 3995 1890 4052 boh-

194 4100 292 4163 nischen
321 4110 515 4175 Geschichte‚
552 4108 641 4179 1803,
674 4108 883 4164 Christannum
914 4105 1055 4163 abbatem
1087 4107 1356 4176 Bievnoviensem‚
1392 4111 1443 4182 qui
1480 4108 1703 4182 12-78—1294
1738 4122 1888 4184 praeerat,

193 4217 336 4291 scriptorem
360 4233 446 4298 putat
471 4233 501 4276 et
523 4220 685 4294 Friedjung
708 4223 752 4276 in:
778 4223 886 4277 Kaiser
909 4219 981 4276 Karl
1005 4221 1055 4278 IV.
1087 4221 1147 4276 und
1177 4223 1242 4277 sein
1265 4221 1385 4277 Antheil
1409 4241 1455 4277 am
1479 4224 1630 4296 geistigen
1653 4220 1759 4278 Leben
1789 4224 1889 4278 seiner

190 4316 245 4395 Zeit,
263 4351 316 4388 non
338 4347 407 4390 ante
430 4352 539 4389 annum
567 4346 645 4406 1347
678 4351 743 4389 eam
774 4335 916 4409 scriptam
945 4351 1013 4389 esse
1042 4334 1203 4390 contendit.
1250 4334 1325 4390 Vide
1343 4332 1544 4392 Wattenbach
1570 4334 1587 4391 l.
1612 4355 1638 4391 c.
1663 4337 1712 4401 11„
1737 4334 1804 4391 Alte
1828 4334 1887 4390 und

188 4445 246 4496 ntut
264 4444 477 4519 Falschungen.

289 4554 310 4635 ³)
332 4559 365 4613 In
387 4559 446 4614 hoc
469 4576 582 4632 genere
605 4557 729 4613 historia
752 4557 987 4613 Lunaelacensis
1011 4556 1149 4614 versibus
1173 4559 1299 4615 leoninis
1324 4561 1493 4635 composita
1516 4561 1682 4635 principem
1712 4560 1809 4616 locum
1833 4558 1888 4616 ob·

182 4653 244 4719 tinet
262 4665 510 4744 (Urkundenbuch
530 4689 589 4726 von
607 4667 870 4735 Oberdsterreich
889 4668 933 4746 L),
959 4688 1036 4745 quae
1051 4669 1205 4737 Liutold0,
1230 4634 1377 4727 ritonacho
1402 4670 1442 4727 illi
1466 4671 1578 4728 saeculi
1595 4672 1673 4737 xli,
1697 4670 1886 4729 adtribuitur.

179 4757 209 4820 ¹¹¹
238 4780 328 4837 todem
358 4801 483 4838 numero
514 4782 668 4856 „Historia
690 4779 872 4837 fundationis
896 4785 1068 4838 monasterii
1092 4785 1291 4840 Mellicensis“
1318 4796 1364 4838 est
1393 4780 1471 4860 (Pez‚
1496 4782 1608 4860 Script.
1633 4803 1692 4840 rer.
1716 4783 1817 4840 Austr.
1842 4782 1886 4862 L),

177 4885 253 4945 cuius
271 4897 444 4970 scriptorem
468 4896 650 4969 ignoramus,
676 4908 706 4949 et
729 4893 995 4951 Seitenstadiensis
1020 4914 1037 4951 a
1061 4895 1263 4951 Gundachero
1288 4894 1398 4951 abbate
1423 4897 1604 4971 conscripta.

289 5004 309 5085 ⁴)
332 5006 434 5064 Series
462 5005 604 5063 abbatum
632 5020 750 5062 exstant
782 5009 809 5061 in
841 5009 1026 5064 monasterio
1051 5008 1088 5064 ad
1112 5028 1135 5064 s.
1161 5009 1297 5075 Petrum,
1326 5006 1541 5074 Lambacensi‚
1565 5007 1740 5076 Mellicensi‚
1765 5007 1885 5065 Gottvi-

176 5113 260 5181 censi,
279 5117 525 5185 Seiteustettensi‚
549 5118 756 5185 Admontensi,
780 5119 999 5176 Lunaelacensi
1023 5121 1087 5176 aliis
1111 5117 1160 5197 (ci.
1183 5120 1251 5186 Per,
1276 5119 1387 5194 Script.
1412 5120 1430 5175 l.
1455 5139 1480 5176 c.
1505 5117 1564 5198 ΙΙ.)

290 5229 310 5309 5)
333 5233 419 5287 Hunc
442 5232 472 5286 in
496 5232 593 5287 locum
617 5230 776 5287 reserenda
800 5246 845 5288 est
869 5232 995 5289 historia
1017 5233 1182 5310 particulae
1207 5253 1231 5289 s.
1256 5233 1353 5289 crucis
1376 5231 1557 5289 Mellicensis
1582 5229 1671 5309 (apud
1686 5231 1885 5310 Pez‚Script.

179 5315 198 5373 ¹·
216 5339 299 5420 cli),
321 5360 351 5400 et
372 5358 516 5419 quattuor
540 5344 691 5419 epitaphia
716 5345 845 5402 Conradi
870 5344 989 5403 abbatis
1012 5348 1247 5403 Lunaelacensis
1275 5360 1352 5418 1145
1379 5346 1482 5412 occisi,
1512 5363 1589 5419 quae
1613 5344 1708 5402 eidem
1733 5345 1885 5414 Luitold0‚

184 5448 258 5506 quem
277 5472 361 5531 supra
381 5458 609 5525 nominavimus,
632 5456 853 5514 adscribuntur.

1645 5574 1662 5606 n
