4034 6262
131 129 248 179 anno
270 119 337 179 1742
356 118 500 174 notatur;
517 107 560 163 sic
576 104 688 162 titulus.
713 105 788 163 Cod.
804 107 886 163 arch.
909 108 938 163 in
953 112 996 180 4⁰.

136 226 224 281 sine
251 229 315 288 pag.
330 224 361 267 et
378 228 483 287 comp.
500 208 557 268 sub
572 211 610 268 H.
627 209 647 267 f.
669 224 716 267 10.

261 327 384 391 Paulus
409 338 534 391 noster
553 347 694 410 semper
713 327 884 410 scribens,
908 347 999 391 sem·

150 475 229 543 per
263 450 411 532 studens,
440 470 534 513 anno
560 454 638 530 1782
664 472 694 529 4.
719 449 841 514 Martii
866 450 999 533 ,prima

158 571 416 643 exercitiorum
439 571 498 636 die
520 573 637 636 media
657 572 771 654 prima
791 582 875 655 post
898 573 999 636 meri-

165 699 270 763 diem
291 695 417 757 sedens
441 696 488 757 ad
514 695 710 758 mensulam
743 704 779 757 et
809 696 999 758 comedens

170 816 358 902 apoplexia
374 825 504 900 tactus,
522 816 720 899 expiravit“
738 854 781 863 —
797 836 901 899 quem
916 818 1000 880 Ale·

174 941 258 1003 xius
273 938 360 1021 prior
372 937 407 1002 in
421 938 635 1002 coemeterio
652 939 824 1003 ecclesiae
844 958 871 1001 s.
886 939 1000 1002 crucis

178 1060 342 1142 sepelivit.

264 1193 638 1268 Hartenschneider
653 1204 882 1268 Udalricus
896 1203 999 1287 (Cre-

182 1320 438 1404 nifanensis),
459 1331 566 1385 antea
581 1321 765 1405 IosephuS,
783 1322 840 1385 die
858 1344 907 1385 21.
924 1323 998 1386 Ian.

185 1446 258 1520 ¹78¹
285 1443 393 1507 Lincii
421 1453 526 1506 natus
552 1443 588 1506 in
616 1445 805 1527 gymnasio
832 1455 868 1508 et
895 1445 999 1528 lyceo

183 1562 273 1625 urbis
289 1565 425 1648 patriae
445 1566 675 1630 humanitatis
695 1576 732 1629 et
752 1566 998 1648 philosophiae

182 1685 323 1750 studium
350 1707 517 1751 emensus
548 1702 700 1770 accepta
730 1688 787 1751 die
818 1711 869 1768 ²9·
897 1688 996 1772 Sept.

183 1821 257 1883 ¹797
282 1810 412 1873 ordinis
439 1821 542 1874 veste
569 1810 781 1894 theologicis
807 1811 936 1874 litteris
961 1811 997 1910 in

181 1922 274 2003 lyceo
289 1931 467 1996 Linciensi
487 1932 538 1995 ita
557 1952 703 2015 operam
725 1934 880 2015 navavit,
904 1945 943 1998 ut
962 1935 997 1996 in

179 2045 265 2112 nulla
279 2053 381 2117 huius
397 2054 568 2117 scientiae
590 2065 693 2137 parte
708 2075 778 2118 non
796 2057 997 2120 excelleret.

179 2160 294 2237 Ordini
306 2172 428 2239 nostro
441 2195 506 2258 per
517 2176 775 2259 professionem
788 2179 845 2241 die
856 2183 906 2242 28.
918 2178 996 2243 Oct.

181 2288 251 2354 1802
274 2298 414 2362 nomine
431 2300 526 2380 dato,
547 2304 595 2363 16.
610 2299 820 2363 Decembris
841 2305 919 2364 1803
942 2321 997 2364 sa-

177 2415 294 2482 cerdos
316 2421 500 2484 ordinatus
523 2431 589 2484 est.
626 2426 703 2498 1803
729 2422 890 2486 Viennae
918 2444 997 2486 cum

176 2528 272 2601 laude
295 2545 525 2626 adprobatus,
550 2543 585 2607 in
609 2544 811 2628 theologico
835 2546 996 2610 instituto

178 2650 361 2727 domestico
377 2664 560 2727 historiam
583 2665 872 2750 ecclesiasticam,
895 2668 996 2730 annis

181 2774 251 2856 1804
273 2794 308 2849 et
327 2791 406 2850 1805
424 2787 528 2850 simul
548 2787 795 2871 philosophiae
816 2791 997 2854 auditores

180 2892 362 2971 doctrinam
393 2908 575 2992 religionis
606 2911 746 2985 docuit;
777 2911 906 2975 deinde
932 2933 997 2995 per

168 3014 295 3099 „viginti
314 3042 466 3114 quatuor
485 3052 597 3095 annos
622 3033 803 3116 professor
826 3035 996 3099 historiae

180 3139 375 3216 universalis
392 3153 665 3228 eruditissimus;
682 3175 773 3218 anno
790 3161 871 3220 1830
886 3157 996 3221 histo·

181 3256 256 3330 riam
282 3277 476 3340 naturalem
504 3278 701 3341 docendam
728 3279 896 3362 suscepit,
925 3281 995 3342 col-

181 3376 354 3461 lectionum
375 3399 587 3462 naturalium
609 3399 747 3483 copiam
768 3402 878 3484 auxit,
903 3403 996 3465 orni·

183 3500 380 3602 thologicam
403 3533 543 3604 partem
567 3522 645 3604 ipse
670 3524 853 3587 constituit
877 3525 995 3589 simul-

183 3639 240 3701 que
254 3644 454 3719 parochiam
471 3644 567 3707 Ried
591 3665 657 3727 per
678 3646 866 3709 triennium
890 3650 995 3711 modo

183 3759 361 3828 provisorio
381 3766 653 3832 administravit.
682 3767 770 3832 Cum
793 3788 878 3833 vero
902 3790 995 3833 anno

187 3868 254 3937 ι835
271 3882 468 3951 Ludovicus
480 3888 658 3952 Bavariae
674 3909 739 3953 rex
754 3891 790 3953 in
805 3893 909 3954 terris
922 3893 995 3955 suis

187 4001 206 4048 ⁸·
218 3989 395 4072 Benedicti
412 4010 571 4075 ordinem
591 4022 819 4095 restauraret,
841 4015 924 4078 novi
944 4015 994 4079 in-

188 4109 285 4189 stituti
302 4130 610 4196 Benedictinorum
632 4135 821 4218 Augustae
836 4136 995 4201 Vindeli-

191 4247 289 4313 c0¹¹11u
303 4255 409 4318 erecti
425 4254 522 4336 prior
535 4257 749 4320 constitutus
766 4258 869 4320 simul
884 4258 994 4322 histo·

193 4351 262 4429 tiam
274 4377 466 4440 naturalem
483 4378 604 4441 docuit
620 4388 656 4441 et
671 4380 717 4441 ab
734 4379 905 4462 episcopo
921 4380 996 4443 Au·

195 4497 316 4563 ssilsstano
333 4499 557 4563 examinator
569 4501 753 4583 synodalis
766 4502 936 4583 delectus,
949 4504 995 4565 ab

160 4698 167 4715 ⁸
198 4606 333 4701 episcopo
348 4620 529 4684 Linciensi
552 4622 752 4685 consistorii
776 4622 996 4686 consiliarius

195 4731 378 4818 declaratum
411 4747 492 4807 1838
518 4743 722 4825 parochiam
743 4744 995 4809 Piarrkirchen

192 4856 274 4937 aliia
292 4870 370 4946 1840
381 4876 526 4931 moneta
538 4885 647 4929 aurea
659 4867 851 4931 Austriaca
863 4867 995 4931 maiore

1078 122 1158 164 cum
1174 111 1310 185 torque,
1335 108 1411 182 1841
1432 115 1574 168 moneta
1590 125 1698 168 aurea
1718 125 1783 186 pro
1805 109 1910 171 bonis

1078 223 1213 287 meritis
1237 223 1413 288 Bavarica
1436 236 1591 310 omatus,
1616 228 1782 292 abdicata
1805 250 1909 311 paro·

1078 347 1159 410 chia
1173 345 1209 410 in
1224 346 1477 411 monasterium
1491 367 1657 412 reversus
1672 350 1800 414 iterato
1822 371 1909 433 apo·

1078 467 1201 549 plexia
1216 477 1334 533 tactus
1350 468 1438 533 obiit
1455 469 1512 533 die
1529 490 1580 535 21.
1596 472 1684 535 Maii
1704 478 1795 552 1846.

1165 590 1303 654 Rerum
1323 590 1568 655 historicarum
1592 594 1848 658 scientissimus
1872 607 1908 659 et

1079 712 1297 775 admirabilis
1317 715 1508 778 memoriae
1529 716 1621 779 dono
1642 717 1826 800 praeditus
1842 720 1908 781 hos

1080 834 1292 917 conscripsit
1307 835 1416 898 libros
1432 838 1634 901 historicos:
1719 866 1721 871 ·

1166 961 1189 1017 1.
1219 961 1414 1038 Darstellung
1438 963 1492 1019 des
1519 962 1626 1021 Stistes
1653 966 1906 1023 Kremsmilnster.

1079 1060 1109 1140 (i.
1127 1083 1152 1122 e.
1172 1065 1307 1122 Historia
1331 1070 1504 1125 monasterii
1529 1067 1784 1148 Cremilanensis.)
1808 1071 1909 1136 wien,

1080 1169 1159 1226 Doil.
1182 1169 1272 1242 1830.
1290 1169 1332 1227 8⁰.
1352 1185 1460 1248 470·p.
1486 1173 1544 1242 Qui
1568 1172 1644 1230 liber
1665 1177 1768 1250 operis
1789 1176 1910 1251 amplis-

1079 1275 1160 1331 simi:
1179 1275 1371 1346 „Kirchliche
1384 1276 1413 1331 T
1414 1279 1604 1352 opographie
1620 1298 1679 1335 von
1693 1280 1906 1337 Oesterreich“

1080 1392 1162 1434 tomo
1180 1378 1297 1436 decimo
1313 1382 1492 1438 continetur.

1166 1484 1202 1540 11.
1220 1484 1665 1562 Historisch·topographische
1682 1487 1909 1565 Beschreibung

1078 1587 1132 1644 der
1148 1587 1214 1644 dem
1232 1586 1322 1646 Stilte
1336 1590 1578 1647 Kremsmdnster
1595 1591 1810 1649 einverleibten
1824 1593 1908 1650 Plar-

1078 1710 1131 1748 ren
1148 1692 1206 1748 und
1223 1692 1277 1750 der
1289 1695 1317 1749 in
1331 1694 1423 1751 ihrem
1436 1695 1561 1752 Bezirke
1573 1694 1772 1753 besmdlichen
1784 1697 1908 1755 Schlds-

1077 1813 1127 1853 ser
1143 1796 1202 1852 und
1219 1797 1380 1855 Edelsitze.
1405 1795 1434 1876 (i.
1452 1818 1478 1856 e.
1500 1801 1673 1876 Descriptio
1696 1803 1907 1876 parochiarum

1078 1903 1261 1958 monasterio
1274 1902 1489 1960 Cremiianensi
1507 1905 1766 1980 incorporatarum
1778 1909 1907 1963 arcium·

1076 2024 1136 2079 que
1146 2020 1176 2064 et
1185 2007 1377 2064 castellorum
1386 2009 1415 2063 in
1424 2006 1532 2064 sinibus
1542 2027 1642 2065 earum
1653 2008 1800 2089 sitorum.)
1807 2013 1845 2068 W
1849 2013 1907 2078 ien,

1077 2110 1247 2168 Wenedict.
1268 2110 1358 2184 1835.
1376 2111 1418 2169 8⁰.
1436 2109 1608 2188 Supradicti
1621 2090 1723 2189 operis
1740 2129 1838 2171 tomus
1856 2116 1908 2171 de·

1077 2217 1171 2272 cimus
1188 2230 1323 2292 quartus.

1134 2334 1137 2339 '
1164 2322 1216 2378 llI.
1229 2321 1334 2377 Plures
1347 2320 1577 2378 dissertationes
1590 2323 1749 2379 historicas
1763 2324 1791 2378 in
1808 2324 1907 2396 ,Hor-

1078 2443 1177 2500 rnayrs
1192 2425 1323 2482 Archiv“
1343 2426 1487 2500 vulgavit.

1162 2544 1355 2638 Praeterea
1372 2542 1525 2608 confecit
1541 2543 1844 2609 dissertationem:

1164 2670 1213 2727 IV.
1231 2669 1332 2728 Ueber
1347 2669 1404 2726 den
1420 2669 1634 2744 vorzdglichen
1646 2672 1753 2728 Werth
1768 2671 1822 2729 des
1836 2672 1908 2730 Stu-

1076 2774 1171 2832 diums
1187 2774 1240 2831 der
1255 2774 1350 2829 Natur
1367 2787 1425 2831 etc.
1441 2769 1471 2851 (i.
1482 2792 1509 2830 e.
1523 2774 1569 2830 De
1582 2777 1690 2850 insigni
1703 2776 1792 2832 studii
1807 2796 1905 2834 rerum

1076 2878 1253 2936 naturalium
1270 2875 1390 2956 fructu.)
1406 2876 1583 2953 Augsburg,
1605 2878 1660 2951 183
1666 2895 1695 2953 5.
1713 2879 1754 2936 8⁰.

1160 3025 1907 3120 HartlauerWisinthoiCremifanen·

1075 3154 1155 3236 sis),
1172 3165 1279 3218 antea
1291 3154 1513 3236 Franciscus,
1530 3154 1565 3216 in
1578 3155 1723 3218 civitate
1736 3156 1833 3217 Enns
1850 3175 1907 3218 su-

1075 3276 1223 3358 perioris
1240 3276 1409 3340 Austriae
1430 3276 1488 3340 die
1511 3296 1561 3356 ²7·
1578 3275 1678 3358 Sept.
1700 3281 1779 3354 1840
1800 3286 1905 3339 natus

1075 3409 1112 3463 et
1135 3398 1169 3461 in
1190 3399 1378 3483 gymnasio
1400 3399 1655 3494 Cremifanensi
1676 3400 1905 3463 humanitatis

1075 3521 1193 3584 studia
1209 3524 1358 3585 edoctus
1375 3523 1431 3584 die
1449 3527 1500 3587 25.
1517 3523 1611 3604 Aug.
1633 3526 1711 3585 1805
1730 3543 1756 3585 s.
1774 3522 1905 3585 ordinis

1074 3653 1212 3707 vestem
1224 3644 1361 3727 recepit
1374 3653 1573 3726 exactoque
1587 3643 1737 3707 tirocinii
1754 3663 1846 3705 anno
1859 3647 1906 3706 ad

1075 3766 1274 3830 institutum
1298 3766 1537 3849 theologicum
1558 3765 1790 3829 domesticum
1810 3767 1856 3827 ad
1878 3786 1905 3831 s.

1074 3887 1275 3951 Florianum
1299 3888 1501 3971 theologiae
1524 3888 1692 3971 mysteria
1715 3889 1906 3951 hausturus

1074 4009 1227 4082 transiit;
1252 4010 1412 4072 sollemni
1435 4022 1596 4072 votorum
1617 4010 1805 4072 emissione
1827 4029 1905 4072 coe-

1074 4132 1126 4193 tui
1147 4131 1461 4195 Cremifanensium
1488 4132 1545 4195 die
1566 4154 1595 4210 9.
1613 4130 1712 4212 Sept.
1739 4136 1819 4210 1800
1844 4134 1905 4194 ad-

1075 4253 1229 4335 scriptus
1242 4252 1460 4335 insequentis
1472 4254 1555 4316 anni
1568 4254 1625 4316 die
1639 4259 1690 4315 30.
1702 4252 1781 4317 Oct.
1795 4253 1906 4316 sacris

1075 4380 1233 4443 initiatus
1250 4390 1315 4443 est.
1344 4384 1507 4460 1870—71
1532 4381 1780 4444 subsidiariam
1802 4401 1905 4463 paro-

1076 4503 1142 4565 cho
1155 4502 1327 4565 saeculari
1339 4502 1375 4565 in
1383 4502 1580 4585 Wartberg
1592 4522 1696 4584 opem
1709 4503 1803 4577 tulit;
1825 4508 1900 4583 1871

1075 4627 1202 4702 —1874
1224 4632 1434 4704 cooperator
1454 4622 1490 4686 in
1511 4623 1694 4687 Thalheim
1716 4636 1752 4687 et
1768 4625 1905 4687 Weiss·

1073 4745 1234 4817 kirchen;
1263 4749 1343 4824 1875
1360 4745 1576 4808 valetudinis
1600 4766 1709 4809 causa
1729 4747 1764 4810 in
1786 4766 1905 4810 mona·

1075 4866 1183 4930 sterio
1205 4877 1456 4941 commoratus;
1484 4871 1648 4948 1876—77
1672 4869 1905 4932 subsidiarius
