4088 6270
761 514 803 523 —
848 476 931 540 LIII
977 515 1016 525 -

54 702 150 769 Tuberi
163 704 196 785 ¹),
220 703 439 786 Mattseone,
463 722 543 765 cum
565 722 610 765 ne
634 703 671 765 id
695 702 837 784 quidem
861 703 1210 786 certisargumentis
1233 703 1377 784 probari
1401 702 1532 784 possit,
1564 723 1626 766 eas
1654 702 1753 784 ipsas

56 841 207 908 exstitisse.
254 842 380 925 Neque
411 850 531 904 tamen
563 832 708 904 dubium
741 842 884 904 videtur
914 861 1011 923 esse,
1041 841 1125 924 quin
1156 841 1300 904 ineunte
1331 842 1474 904 saeculo
1504 860 1598 904 nono
1629 840 1665 903 in
1698 841 1753 903 his

56 1001 157 1063 quoque
178 980 406 1044 monasteriis
428 981 572 1044 scholae
594 979 737 1062 fuerint,
761 1001 841 1043 cum
865 1000 911 1043 ex
935 980 1124 1061 capitulari
1147 979 1264 1042 Caroli
1288 978 1412 1062 Magni
1427 981 1449 1061 2)
1479 979 1514 1041 in
1537 999 1752 1061 unoquoque

57 1118 230 1181 monasterio
253 1119 412 1182 scholam
436 1137 517 1181 esse
541 1127 737 1199 oporteret,
765 1118 800 1180 in
824 1138 894 1200 qua
916 1117 1018 1201 pueri
1042 1117 1220 1181 discerent
1247 1118 1421 1199 psalmos,
1453 1126 1556 1179 notas
1587 1117 1752 1197 musicas,

58 1266 168 1337 cantum,
189 1255 307 1319 fastos
329 1276 460 1339 sacros,
484 1257 754 1339 grammaticam
767 1259 803 1338 ³).
841 1256 974 1320 Verum
1003 1268 1058 1320 est
1087 1258 1211 1340 igitur,
1238 1259 1334 1338 quod
1363 1255 1486 1320 scribit
1514 1255 1752 1320 Schwarzius:

59 1393 128 1474 ,Man
148 1395 242 1456 kann
266 1393 460 1477 eigentlich
483 1395 518 1457 in
538 1396 640 1477 jeder
654 1394 1037 1458 Benedictiner-Abtei
1053 1395 1131 1457 eine
1148 1394 1279 1459 Schule
1296 1396 1505 1476 annehmen,
1530 1389 1753 1477 wenngleich

57 1532 79 1592 in
94 1533 242 1594 mancher
265 1552 332 1595 nur
355 1553 397 1596 zu
422 1528 544 1597 Zeiten
568 1536 639 1596 und
662 1533 698 1596 in
721 1533 885 1616 wenigen
902 1532 1182 1617 Gegenstiinden
1207 1533 1440 1597 unterrichtet
1461 1535 1582 1596 wurde
1606 1534 1678 1596 und
1695 1533 1754 1595 bei

57 1668 157 1732 weitem
180 1670 282 1733 nicht
304 1672 373 1734 alle
398 1673 468 1734 den
490 1672 628 1734 Namen
652 1671 750 1734 einer
773 1670 904 1735 Schule
928 1670 1121 1735 erhielten“
1138 1674 1173 1753 4).

148 1810 391 1891 Docebantur,
420 1822 460 1873 ut
482 1811 519 1873 in
543 1810 729 1893 capitulari
753 1809 870 1873 Caroli
892 1810 1038 1894 Magni,
1069 1813 1164 1893 quod
1195 1831 1303 1892 supra
1336 1810 1468 1873 dictum
1500 1818 1570 1890 est,
1602 1809 1755 1892 legimus

58 1957 177 2026 ,septem
215 1947 384 2011 liberales
422 1949 539 2013 artes“
576 1949 611 2012 in
646 1949 789 2013 trivium
828 1960 864 2012 et
898 1949 1122 2031 quadrivium
1157 1948 1304 2013 divisae.
1355 1948 1514 2010 Trinium
1549 1947 1755 2011 continebat

56 2087 286 2164 grammaticam
308 2090 342 2171 (a
358 2109 429 2170 qua
444 2089 641 2171 praemissa
656 2089 800 2171 legendi
816 2087 1065 2169 scribendique
1081 2098 1158 2151 arte
1174 2087 1293 2170 coepit
1310 2086 1507 2167 institutio),
1531 2087 1754 2167 rhetoricam,

56 2222 259 2300 dialecticam
291 2225 514 2308 quadrivium
545 2228 604 2290 vel
631 2227 868 2309 quadruplum
895 2226 1138 2309 geometriam,
1169 2225 1428 2289 arithmeticam
1455 2225 1754 2306 —computandi

55 2369 134 2423 arten
148 2363 268 2447 digitis
285 2366 473 2447 docebant,
494 2375 602 2446 atque
618 2367 732 2427 abaco
748 2366 948 2445 utebantur,
960 2365 1082 2427 tabula
1098 2384 1206 2427 arena
1223 2382 1417 2444 conspersa
1432 2399 1475 2410 -
1490 2363 1752 2444 astronomiam,

55 2500 199 2564 musicam.

149 2638 312 2703 Docendi
335 2641 426 2704 ratio
450 2642 658 2724 plerumque
674 2644 763 2704 haec
779 2651 866 2722 erat,
890 2653 930 2704 ut
945 2661 1033 2704 voce
1050 2641 1324 2723 explicarentur,
1345 2661 1436 2724 quae
1453 2651 1554 2704 erant
1570 2642 1754 2723 tradenda,

55 2792 169 2858 cumque
191 2779 263 2841 rari
287 2790 409 2843 essent
431 2780 527 2862 libri,
559 2800 625 2843 nec
646 2780 715 2842 nisi
738 2799 868 2862 magno
891 2780 1007 2861 pretio
1031 2790 1250 2862 constarent,
1281 2800 1411 2863 pueros
1443 2780 1620 2863 permulta
1652 2800 1755 2863 opor·

54 2915 126 2977 tebat
144 2918 307 2981 versibus
328 2918 404 2983 sere
429 2919 627 3001 composita
654 2919 836 3001 magistris
864 2918 1081 2981 dictantibus
1112 2919 1280 3001 excipere
1310 2929 1418 3001 atque
1449 2919 1599 3001 singulis
1630 2918 1756 2981 diebus

54 3051 178 3136 singulas
202 3058 398 3138 particulas
421 3058 611 3121 memoriae
635 3059 805 3121 mandare
820 3058 855 3139 ⁵).

150 3195 257 3275 Libri,
282 3196 343 3277 qui
359 3196 393 3258 in
408 3215 475 3259 usu
492 3206 602 3277 erant,
627 3217 674 3258 ex
689 3205 793 3276 parte
811 3204 913 3257 erant
928 3194 1045 3277 iidem,
1069 3196 1129 3276 qui
1146 3195 1180 3258 in
1196 3196 1441 3258 Romanorum
1457 3195 1588 3257 scholis
1604 3194 1756 3275 fuerant,

55 3328 272 3415 utSatyricon
295 3333 468 3396 Marciani
491 3334 603 3398 Minei
625 3333 755 3397 Felicis
779 3333 963 3416 Capellae,
996 3335 1090 3414 quod
1121 3333 1215 3396 circa
1245 3353 1276 3396 a.
1300 3352 1364 3411 470
1393 3332 1525 3396 editum
1554 3334 1635 3414 plus
1662 3332 1757 3395 mille

54 3483 136 3531 annos
149 3481 338 3553 manserat,
354 3472 608 3554 grammaticae
624 3473 767 3556 Donati,
784 3471 958 3536 Prisciani
970 3471 1006 3554 ⁶),
1029 3471 1188 3533 Dindimi
1205 3481 1240 3534 et
1256 3471 1510 3553 HugoccioniS,
1536 3473 1601 3553 „de
1618 3483 1757 3554 septem

54 3605 177 3669 artibus“
203 3608 418 3693 Cassiodori,
444 3632 523 3695 „ars
546 3611 724 3675 dictandi“
749 3613 808 3675 vel
834 3613 898 3695 ,de
915 3610 1137 3674 institutione
1154 3609 1352 3672 divinarum
1368 3609 1585 3673 litterarum“
1604 3609 1756 3690 Boethii,

55 3738 250 3832 Etymologia
273 3749 401 3812 Isidori
424 3750 586 3832 episcopi
608 3749 845 3832 Hispalensis,
870 3750 972 3811 Beda
994 3747 1231 3831 Venerabilis
1255 3749 1445 3832 Euclydes,
1470 3748 1538 3812 alii.

155 3885 299 3951 Summa
323 3888 549 3969 detrimenta,
582 3907 674 3968 quae
706 3887 920 3950 monasteria
944 3907 990 3949 ex
1013 3887 1264 3970 Hungarorum
1289 3886 1549 3950 incursionibus
1578 3895 1757 3968 ceperant,

58 4022 151 4086 eadem
175 4025 209 4088 in
233 4027 374 4090 scholas
396 4028 655 4108 redundarunt,
684 4037 723 4089 ut
747 4047 817 4089 una
839 4026 1098 4107 relinqueretur
1120 4023 1321 4108 Salisburgi
1350 4028 1396 4088 ad
1420 4046 1446 4088 s.
1470 4025 1635 4105 Petrum,
1667 4043 1759 4105 quae

60 4158 142 4223 altera
164 4164 308 4228 dimidia
330 4173 433 4246 parte
457 4165 589 4227 saeculi
614 4164 742 4228 decimi
765 4184 831 4246 per
846 4163 1100 4227 Chunibertum
1117 4162 1399 4246 Sangallensem,
1423 4161 1632 4227 Sindfritum
1656 4162 1760 4223 alios·

61 4312 109 4372 que
132 4302 236 4366 claros
265 4304 431 4366 doctores
455 4305 572 4366 denuo
596 4303 760 4367 effloruit.
806 4301 938 4367 Secuta
969 4312 1025 4365 est
1054 4303 1181 4365 laetior
1204 4313 1321 4385 aetas,
1355 4322 1400 4364 ex
1431 4321 1502 4383 quo
1526 4299 1760 4383 congregatio

64 4432 333 4452 x*

159 4512 177 4591 ι)
200 4516 369 4590 Bergmann
393 4514 411 4571 l.
437 4534 462 4571 c.

160 4623 180 4704 2)
202 4628 267 4683 Lex
291 4646 319 4683 a.
346 4625 406 4701 789
430 4627 510 4703 apud
535 4627 631 4693 Pertz,
655 4627 787 4682 Monum.
812 4625 917 4681 Germe
939 4625 1016 4698 Leg.

160 4735 181 4816 ³)
203 4739 349 4807 l‘heiner,
374 4738 560 4794 Geschichte
585 4737 639 4794 der
661 4737 839 4812 geistlichen
863 4736 1166 4811 Bildungsanstalten.

161 4848 180 4927 ⁴)
202 4850 355 4919 Schwarz‚
379 4849 654 4923 Erziehungslehre
678 4850 700 4904 1.

162 4960 181 5039 ⁵)
204 4965 298 5039 Mayn
324 4963 510 5020 Geschichte
534 4961 589 5017 der
612 4962 761 5034 geistigen
786 4960 900 5017 Cultur.

160 5069 180 5151 6)
540 5075 618 5146 ,Dic
642 5072 750 5129 besten
774 5074 821 5129 die
845 5076 899 5130 wir
921 5092 959 5129 an
983 5073 1186 5129 Grammaticis
1210 5072 1276 5138 hein,

540 5185 595 5242 daz
620 5204 683 5242 was
708 5186 844 5242 Donatus
868 5187 926 5242 und
951 5186 1101 5242 Priscian:

539 5298 735 5355 Aristarchus
760 5318 826 5355 man
850 5317 910 5354 von
934 5299 1019 5354 rehte
1043 5298 1088 5354 sol

541 5410 635 5467 vnder
659 5411 706 5467 die
730 5408 838 5468 besten
861 5411 964 5467 zehlen
988 5410 1076 5466 wol.“
1274 5404 1449 5484 (Thomasin
1473 5426 1533 5464 von
1557 5404 1721 5486 Zirclaria.)
