4088 6270
891 498 1172 582 *436-

162 704 311 767 drdmet“,
326 698 492 756 honoribus
506 700 627 776 losephi
644 700 814 757 archiducis
831 703 993 757 occasione

161 806 399 860 consecrationis
416 803 564 860 ecclesiae
579 805 759 860 cathedralis
776 804 849 860 des.
863 805 993 860 M.Pan·

160 911 268 965 noniae
290 908 337 964 die
361 923 411 982 27.
429 908 558 981 Augusti
579 907 670 981 1876.
695 906 790 984 Cydr.
814 908 992 965 Sauervein.

160 1020 203 1084 40.
233 1012 251 1069 8
277 1033 306 1088 p.
347 1013 378 1086 b)
405 1013 501 1087 „Regi
526 1013 799 1087 remenysegiink“‚
825 1012 992 1069 honoribus

159 1118 281 1173 Ioannis
305 1118 386 1174 card.
408 1115 509 1174 Simor
530 1116 634 1173 eadem
659 1119 831 1174 occasione.
855 1125 898 1190 4⁰.
926 1116 991 1195 8p.

158 1222 187 1294 c)
199 1221 311 1292 „Nema
320 1220 567 1295 dcrttltsegben“,
578 1221 744 1278 honoribus
753 1224 875 1279 loannis
884 1223 991 1297 Chrys.

159 1328 285 1393 Kruesz,
303 1326 407 1381 eadem
425 1328 597 1382 occasione.
616 1325 689 1382 Ibid.
707 1333 750 1398 4⁰.
768 1326 785 1383 8
800 1346 829 1402 p.
854 1328 886 1401 d)
903 1328 992 1402 „Mily

160 1430 308 1506 iinnepely
318 1429 437 1504 lenye“‚
448 1430 614 1487 honoribus
623 1431 858 1506 IoannisChrys.
866 1433 991 1499 Kruesz‚

158 1554 225 1591 cum
251 1535 410 1591 ecclesiam
435 1535 569 1591 cathedr.
595 1535 736 1592 abbatiae
758 1535 794 1591 dc
816 1536 990 1611 Bakonybel

156 1652 366 1705 consecraret,
383 1639 431 1695 die
449 1654 498 1694 22.
516 1638 602 1714 Sept.
625 1638 715 1712 1878.
733 1638 776 1695 8⁰.
795 1654 811 1712 5
831 1659 859 1715 p.
878 1654 934 1696 cet.

245 1744 326 1799 VIII.
348 1742 671 1819 Lumpacivagabond.
692 1742 836 1799 Fabulam
858 1744 934 1799 hanc
951 1743 990 1800 ab

159 1849 180 1904 l.
195 1849 326 1921 Nestroy
340 1847 520 1903 Germanice
537 1850 680 1922 scriptam
699 1849 727 1902 in
744 1849 873 1921 linguam
887 1849 988 1922 Hung.

157 1955 315 2009 convertit.
334 1958 377 2023 40.
396 1967 435 2024 29
453 1971 481 2027 p.

243 2080 989 2174 88111έὲ81113111119(8191191919-

157 2210 441 2291 Braunensis),
467 2210 636 2271 oriundus
660 2210 791 2271 Pradlo
815 2211 904 2272 Boh.
929 2231 990 2272 na·

157 2334 264 2395 talem
287 2333 412 2395 habuit
430 2354 480 2394 22.
497 2332 601 2394 Febr.
624 2338 719 2404 1821;
740 2343 877 2394 vestem
898 2333 990 2395 ordi-

158 2457 212 2518 nis
243 2456 397 2518 obtinuit
433 2460 527 2535 1842,
560 2455 767 2537 religionem
796 2456 989 2519 Blevnovii

158 2577 341 2659 professus
359 2588 414 2639 est
430 2583 459 2640 3.
478 2578 572 2659 Aug.
594 2581 673 2654 1845
691 2587 727 2639 et
749 2599 773 2639 1.
791 2578 886 2659 Aug.
909 2581 987 2656 1847

159 2703 327 2763 sacerdos
351 2700 543 2761 ordinatus.
574 2700 660 2761 Erat
683 2699 863 2762 Machovii
887 2719 990 2782 paro-

115 2888 118 2893 ,
160 2823 259 2884 chiae
277 2831 496 2902 cooperator,
521 2841 599 2882 cum
626 2825 705 2899 1849
729 2821 908 2883 Braunam
935 2830 990 2883 est

158 2955 318 3023 vocatus,
341 2953 380 3004 ut
400 2943 448 3003 ibi
473 2942 507 3003 in
530 2942 718 3024 gymnasio
734 2943 889 3003 doceret.
913 2942 991 3004 Mu-

159 3086 243 3128 nere
260 3064 422 3146 magistri
434 3064 469 3125 in
483 3063 670 3145 gymnasio
686 3063 829 3125 functus
845 3074 900 3126 est
916 3063 991 3126 fere

160 3207 273 3268 usque
297 3188 343 3247 ad
364 3185 522 3247 ultimum
545 3184 641 3246 vitae
667 3184 770 3266 diem,
794 3205 906 3267 parvo
930 3205 991 3247 ex-

160 3319 266 3389 cepto
291 3308 496 3387 1119111119,
521 3327 591 3387 quo
619 3306 757 3368 culinae
785 3308 991 3370 monasterii

159 3431 379 3494 Braunensis
393 3430 597 3511 praefectus
611 3429 816 3492 cathedram
830 3449 899 3491 non
908 3450 991 3491 con-

160 3554 359 3616 scenderat.
384 3553 545 3613 Mortuus
562 3561 616 3613 est
634 3572 684 3629 27.
703 3552 807 3615 Mart.
829 3556 919 3629 1874.

246 3675 406 3737 Annales
418 3673 598 3755 gymnasii
607 3673 884 3735 Braunaviensis
898 3693 990 3735 anno

163 3804 243 3862 1850
261 3797 346 3860 editi
363 3797 474 3877 ipsius
492 3796 661 3876 scriptum
684 3795 717 3856 in
740 3795 920 3875 publicum
936 3815 990 3856 re-

160 3923 329 3986 tulerunt:

245 4049 303 4103 Die
320 4047 468 4101 Division.
490 4044 545 4098 Ein
559 4044 583 4098 F
588 4045 740 4116 ingerzeig
754 4042 800 4097 fiir
813 4043 869 4098 den
880 4043 990 4099 Volks-

160 4153 357 4216 schullehrer,
381 4147 539 4204 denkende
561 4146 619 4201 und
642 4147 835 4202 verlassliche
852 4147 991 4203 Rechner

160 4279 195 4314 zu
211 4257 322 4313 bilden.
347 4251 376 4332 (i.
395 4273 421 4309 e.
444 4252 619 4316 DivisioniS‚
638 4249 833 4326 problematis
850 4251 989 4306 arithme-

159 4365 236 4418 ticae
253 4355 449 4434 dilucidatio.)

246 4471 427 4544 Seeauer
454 4480 568 4540 Beda
598 4479 630 4558 (a
658 4499 685 4540 s,
713 4479 838 4539 Petro
863 4476 989 4541 Salis-

158 4600 312 4681 burgi)‚
344 4597 556 4660 Austriacus
588 4617 634 4658 ex
660 4596 853 4677 Hallstatt,
886 4607 990 4658 natus

160 4728 208 4784 28.
226 4722 290 4783 111.
316 4725 406 4798 1716,
431 4719 585 4780 novitius
610 4723 639 4778 8.
664 4717 764 4799 Sept.
795 4725 885 4799 1732,
909 4738 990 4800 pro-

158 4845 274 4907 fessus
293 4864 342 4903 21.
357 4840 457 4922 Sept.
475 4846 565 4920 1733,
583 4849 619 4901 et
631 4839 739 4901 finitis
752 4840 878 4901 studiis
892 4839 990 4901 theo-

157 4967 283 5049 logicis
301 4974 337 5026 et
349 4964 480 5046 partim
494 4961 649 5024 iuridicis
664 4966 691 5022 5.
702 4962 765 5024 Iul.
781 4968 860 5040 1739
874 4980 989 5023 sacer-

158 5090 222 5150 dos
236 5088 431 5166 ordinatuS‚
444 5085 593 5166 primum
607 5104 699 5146 anno
714 5091 792 5162 1743
807 5083 989 5165 professor

159 5210 404 5292 philosophiae
417 5209 452 5270 in
466 5209 559 5270 univ.
570 5206 836 5290 Salisburgensi
853 5207 988 5268 electus

159 5341 222 5411 est,
236 5352 341 5412 quam
354 5331 498 5393 biennio
513 5331 680 5401 absolvit;
695 5330 777 5391 dein
786 5328 988 5391 successive

159 5454 371 5515 secretarius
405 5454 590 5533 abbatiae,
627 5451 921 5533 poenitentiarius
952 5451 988 5512 in

1074 697 1318 781 Maria-plain,
1337 700 1566 763 concionator
1579 701 1779 764 ordinarius
1793 706 1881 766 eccle

1074 818 1148 881 siae
1172 819 1430 904 universitatis,
1455 824 1596 885 demum
1624 822 1777 885 vicarius
1801 844 1881 905 paro

1074 941 1174 1003 chiae
1200 941 1235 1004 in
1256 942 1450 1006 Dornbach
1471 945 1689 1007 constitutus
1713 955 1776 1026 est,
1799 966 1880 1026 quarn

1073 1072 1193 1125 tamen
1214 1084 1296 1126 mox
1319 1065 1451 1128 dimisit
1473 1089 1503 1144 4.
1520 1066 1584 1129 Iul.
1607 1071 1701 1147 1753,
1725 1069 1829 1129 abbas
1848 1069 1880 1130 ad

1074 1204 1100 1248 s,
1117 1186 1216 1248 Petri
1237 1188 1372 1249 electus
1394 1211 1425 1266 4.
1447 1189 1510 1252 Iul.
1532 1193 1626 1268 1753.
1651 1188 1752 1253 Obiit
1772 1190 1880 1271 optimc

1073 1308 1219 1370 meritus
1244 1310 1289 1370 de
1312 1309 1455 1392 litteris,
1483 1310 1702 1373 monasterio
1728 1321 1764 1373 et
1787 1313 1879 1392 patria

1074 1451 1124 1493 21.
1140 1429 1227 1495 Dec.
1249 1436 1339 1506 1785.

1161 1574 1183 1629 I.
1200 1575 1265 1630 Neu
1282 1575 1476 1648 angehendes
1493 1575 1690 1632 Ordenskind
1706 1576 1759 1632 des
1774 1576 1807 1632 hl.
1822 1577 1876 1632 Err-

1072 1690 1173 1733 vaters
1186 1678 1348 1746 Benedicti,
1366 1679 1403 1735 da
1419 1698 1452 1736 es
1468 1680 1546 1736 noch
1560 1682 1589 1736 in
1603 1680 1658 1736 der
1667 1680 1750 1737 Welt
1760 1680 1823 1749 lebt,
1834 1683 1875 1736 wie

1071 1800 1104 1837 es
1126 1784 1154 1838 in
1176 1781 1287 1838 diesem
1305 1781 1399 1839 Stand
1424 1785 1470 1839 ihr
1489 1782 1596 1840 Leben
1619 1785 1700 1840 wohl
1723 1785 1875 1841 anschicken

1072 1886 1130 1941 und
1154 1886 1217 1943 sich
1243 1907 1307 1942 zum
1334 1888 1402 1943 heil.
1424 1888 1636 1944 Ordeusstand
1660 1888 1791 1946 bereiten
1810 1889 1874 1954 sollc,

1071 1991 1240 2064 eingericht
1263 1992 1337 2047 nach
1360 1991 1424 2048 dem
1447 1991 1535 2049 Geist
1557 1992 1613 2049 der
1636 1993 1705 2050 heil.
1722 1993 1818 2067 Regel,
1836 1994 1873 2047 mit

1071 2098 1166 2151 einem
1192 2095 1303 2152 kurzen
1326 2097 1498 2154 Unterricht
1521 2116 1578 2154 vor
1604 2097 1762 2173 diejenige,
1785 2097 1873 2153 welche

1070 2200 1133 2256 sich
1151 2218 1257 2275 wegen
1270 2201 1428 2274 Eingehen
1445 2203 1473 2257 in
1490 2203 1547 2258 den
1561 2203 1667 2259 Orden
1680 2203 1734 2258 des'
1745 2201 1872 2258 hlVaters

1070 2304 1214 2359 Benedict
1229 2302 1491 2379 berathschlagen.
1514 2303 1543 2384 (i.
1561 2325 1589 2363 e.
1606 2306 1756 2363 Institutio
1771 2307 1872 2362 novitio·

1070 2407 1156 2486 rum.)
1177 2409 1241 2464 Aus
1257 2408 1324 2465 dem
1342 2410 1556 2467 Lateinischen
1579 2411 1634 2468 des
1650 2412 1683 2468 P.
1700 2411 1807 2487 Rupert
1820 2410 1871 2464 Pre-

1070 2515 1181 2586 singer.
1199 2512 1358 2587 Salzburg,
1374 2516 1468 2588 Mayr.
1490 2528 1582 2588 1737.
1600 2514 1644 2572 80.
1662 2515 1723 2588 298
1739 2535 1767 2590 p.

1157 2636 1194 2691 11.
1208 2632 1354 2710 Magistra
1367 2639 1508 2693 virtutum
1526 2639 1558 2694 B.
1572 2640 1609 2696 V.
1623 2639 1728 2706 Maria,
1744 2640 1771 2694 in
1785 2636 1869 2711 templo

1070 2754 1273 2815 praesentata,
1283 2759 1338 2816 per
1352 2742 1613 2799 considerationes
1621 2740 1868 2799 ascetico·murales

1072 2846 1240 2919 proposita.
1266 2843 1341 2901 Ibid.
1364 2853 1536 2918 1740.12⁰.

1159 2949 1211 3004 111.
1229 2950 1403 3023 Mysterium
1416 2952 1599 3007 visitationis
1615 2951 1649 3008 B.
1659 2951 1694 3007 V.
1707 2951 1745 3007 M.
1757 2949 1866 3025 explana·

1072 3067 1142 3109 tum.
1169 3051 1242 3109 Ibid.
1265 3068 1354 3126 1749.
1377 3061 1436 3110 12⁰.

1159 3158 1208 3214 IV.
1232 3159 1447 3214 Marianischer
1462 3158 1654 3216 Seelentrost
1673 3158 1725 3215 aul
1741 3159 1791 3214 alle
1804 3157 1864 3212 Fest-

1072 3275 1144 3335 taeg
1167 3264 1294 3330 Mariae,
1320 3266 1347 3318 in
1372 3264 1550 3336 geistlichen
1575 3264 1806 3336 Betrachtungen
1824 3257 1863 3314 und

1071 3367 1379 3442 Andachtsiibungen.
1405 3366 1433 3445 (i.
1452 3387 1477 3424 e.
1499 3369 1711 3426 Meditationes
1726 3360 1864 3437 Marianae)

1071 3470 1146 3528 Ibid.
1168 3487 1259 3545 1741.
1277 3471 1319 3529 80.
1342 3487 1398 3545 147
1417 3493 1445 3549 p.

1157 3576 1193 3632 V.
1218 3577 1322 3633 Militia
1346 3579 1482 3651 angelica
1506 3575 1710 3657 (encomium),
1734 3572 1864 3633 eineLob·

1071 3680 1143 3736 rede
1164 3679 1212 3736 bei
1230 3681 1419 3755 Einliihrung
1439 3682 1493 3737 der
1508 3682 1578 3738 heil.
1594 3677 1864 3738 Michaelis-Bruder·

1071 3785 1168 3841 schaft
1185 3788 1213 3841 in
1230 3785 1388 3860 Salzburg.
1407 3786 1480 3843 Ibid.
1503 3800 1594 3860 1743.
1612 3793 1654 3860 40.
1673 3785 1712 3842 26
1727 3805 1754 3861 p.

1158 3891 1208 3946 Vl.
1240 3889 1447 3947 Novemdialia
1474 3894 1620 3948 exercitia
1651 3910 1706 3967 pro
1732 3890 1781 3947 Vll
1805 3886 1864 3942 lestis

1071 3993 1336 4070 principalioribus
1357 3996 1390 4051 B.
1407 3995 1443 4052 V.
1461 3996 1585 4052 Mariae.
1611 3995 1763 4070 Augustae
1779 3987 1864 4049 Vindel.

1072 4098 1164 4154 Wols.
1188 4113 1277 4171 1743.
1296 4097 1338 4155 8⁰.

1158 4204 1223 4260 Vll.
1252 4204 1418 4261 Geistliche
1447 4203 1720 4280 Licbesgedanken
1745 4220 1796 4258 ron
1818 4199 1865 4253 den

1071 4309 1335 4383 hochwiirdigsteo
1345 4307 1541 4364 Sacramente
1554 4307 1608 4365 des
1616 4309 1735 4364 Altares
1747 4311 1772 4363 in
1783 4303 1865 4379 52111·

1072 4413 1273 4487 trachtungen
1290 4415 1342 4468 mit
1357 4415 1452 4468 einem
1470 4413 1588 4468 Zusatz.
1607 4409 1865 4491 (centenitatem

1071 4517 1107 4572 de
1124 4515 1243 4595 SSmo.)
1260 4515 1335 4572 Ibid.
1357 4531 1446 4590 1744.
1464 4515 1506 4573 80.

1157 4622 1238 4677 VIII.
1264 4622 1353 4676 Avita
1375 4620 1517 4677 nobilitas
1542 4621 1802 4696 argumentationis
1820 4615 1864 4669 dit·

1070 4727 1194 4782 lecticae
1219 4745 1275 4801 pro
1300 4727 1376 4781 thesi
1402 4745 1438 4782 ex
1462 4726 1572 4798 logica.
1602 4725 1774 4799 Salisburgi,
1794 4723 1863 4791 blap-

1076 4845 1164 4903 1744·
1183 4830 1225 4886 8⁰·

1156 4936 1208 4991 IX.
1227 4937 1409 4992 Dissertatio
1427 4935 1464 4991 de
1481 4937 1632 5003 methodo,
1653 4954 1709 5011 pro
1729 4934 1795 4990 thesi
1809 4927 1862 5000 logi·

1070 5060 1114 5096 ca.
1132 5039 1207 5096 Ibid.
1230 5056 1320 5113 1744.
1338 5048 1380 5113 40.

1156 5147 1194 5201 X.
1209 5145 1392 5201 Dissertatio
1406 5144 1443 5200 de
1454 5146 1677 5221 praerogativis
1690 5137 1861 5221 philosophiae

1071 5249 1264 5305 theoreticae.
1282 5247 1357 5304 Ibid.
1380 5263 1470 5322 1744.
1488 5257 1530 5320 40.

1156 5354 1207 5409 XI.
1232 5354 1374 5428 Epitome
1400 5353 1585 5420 dialectices,
1609 5373 1665 5429 pro
1689 5353 1759 5408 thesi
1780 5347 1859 5420 logica·

1068 5456 1144 5513 lbid.
1168 5473 1256 5531 1744.
1274 5466 1316 5531 4⁰.
