4088 6270
850 516 893 524 —
937 479 1077 542 LXVII
1122 515 1164 524 -

264 705 421 768 Eandem
455 704 633 767 fortunam
668 723 737 767 non
771 705 949 785 meritam,
986 706 1048 767 sed
1081 704 1302 786 temporibus
1334 705 1525 766 adductam
1560 715 1666 766 nacta
1702 712 1757 765 est
1791 724 1872 767 aca-

167 844 252 908 demia
271 843 555 926 Cremifanensis,
581 864 683 926 quae,
708 864 921 926 quamquam
951 864 972 905 a
999 844 1115 906 medio
1144 845 1288 906 saeculo
1316 843 1453 905 XVIII.
1482 842 1517 904 in
1546 842 1649 905 terris
1670 842 1871 905 Austriacis

169 995 292 1065 tempora
314 983 523 1046 monasticis
550 982 723 1046 institutis
757 994 858 1047 erant
888 983 1024 1065 iniqua,
1059 983 1184 1045 mirum
1217 993 1388 1064 quantum
1419 981 1624 1044 effloruerat
1640 983 1672 1060 ¹).
1719 980 1871 1043 Praeter

172 1122 462 1186 mathematicorum
485 1133 594 1204 atque
618 1141 734 1185 rerum
758 1123 985 1206 physicarum
1015 1121 1132 1185 studia
1160 1122 1386 1204 philosophia
1416 1121 1570 1184 maxime
1601 1122 1802 1201 colebatur,
1836 1121 1869 1182 in

174 1284 220 1346 qua
234 1262 388 1326 Leibnitii
412 1273 449 1326 et
464 1260 586 1324 Wolfii
610 1262 804 1326 auctoritas
827 1262 985 1344 vigebat.
1025 1261 1188 1326 Sermoni
1211 1261 1338 1344 patrio,
1362 1261 1462 1323 cuius
1485 1271 1560 1324 tum
1583 1280 1756 1323 summum
1773 1270 1870 1322 esset

174 1401 323 1483 fastidium,
352 1401 576 1483 professores
604 1400 729 1464 merito
757 1411 893 1463 tantam
921 1401 1176 1483 impendebant
1204 1421 1333 1482 curam,
1362 1412 1401 1463 ut
1431 1401 1544 1463 altera
1572 1400 1704 1463 saeculi
1732 1398 1870 1462 XVIII.

176 1539 281 1602 dimidia
313 1549 416 1620 parte
449 1539 594 1603 ineunte
628 1538 819 1602 Cremifani
854 1559 920 1621 per
949 1539 1138 1602 Matthiam
1169 1539 1292 1622 Pregg
1325 1539 1469 1602 fabulae
1505 1536 1719 1602 Germanica
1749 1538 1872 1621 lingua

176 1678 355 1760 conscriptae
380 1679 585 1760 ederentur,
618 1679 714 1759 quod
746 1679 842 1759 apud
874 1664 1067 1741 catholicos
1101 1687 1175 1741 tum
1206 1687 1284 1740 erat
1312 1678 1541 1742 rarissimum.
1588 1677 1715 1739 Abbas
1738 1676 1871 1738 Ehren·

174 1819 261 1879 bertus
281 1820 528 1900 (1771—1800),
552 1818 607 1881 vir
629 1818 790 1900 eximius,
815 1819 905 1881 duas
928 1838 1040 1881 novas
1063 1818 1195 1880 adiecit
1219 1817 1441 1899 disciplinas,
1466 1837 1571 1879 unam
1596 1818 1640 1878 de
1665 1814 1871 1898 eloquentia

175 1974 253 2038 sacra,
271 1958 417 2020 alteram
441 1959 486 2020 de
509 1957 700 2021 securitate
725 1957 869 2039 publica
891 1959 1042 2021 tutanda
1066 1967 1103 2021 et
1126 1959 1170 2019 de
1195 1956 1340 2019 civitate
1365 1956 1623 2019 constituenda.
1656 1956 1724 2018 Die
1741 1959 1770 2019 5.
1789 1955 1871 2019 Oct.

178 2098 230 2170 1783
249 2098 440 2178 academia,
470 2117 562 2178 quae
585 2107 624 2161 ut
648 2107 767 2161 cetera
795 2098 958 2160 instituta
986 2098 1199 2179 monastica,
1233 2098 1323 2159 male
1356 2115 1553 2177 congruere
1582 2094 1763 2157 videretur
1793 2114 1871 2155 cum

176 2235 271 2297 saeculi
292 2235 522 2299 eruditissimi
542 2236 691 2318 ratione,
716 2238 858 2300 sublata
882 2246 937 2300 est
951 2239 985 2318 ²).

266 2374 377 2438 Multa
401 2374 545 2457 quidem
568 2396 634 2458 per
656 2375 807 2438 Mariam
830 2377 1039 2439 Theresiam
1063 2375 1210 2457 eiusque
1232 2373 1342 2436 filium
1365 2375 1556 2456 Iosephum
1573 2374 1617 2436 II.
1641 2382 1774 2436 novata
1791 2383 1873 2433 sunt

174 2509 197 2571 in
213 2512 365 2577 institutis
389 2513 613 2597 theologicis,
637 2516 740 2596 plura
756 2535 842 2578 vero
867 2482 1083 2578 commutata
1109 2525 1144 2578 et
1161 2514 1354 2577 constituta
1378 2526 1460 2577 sunt
1484 2513 1519 2576 in
1542 2511 1740 2596 gymnasiis
1763 2521 1872 2591 atque

173 2652 427 2716 monasteriorum
466 2653 613 2736 scholis,
652 2653 781 2734 quibus
822 2653 1048 2717 Benedictini
1089 2656 1135 2715 ab
1174 2652 1429 2734 antiquissimis
1469 2649 1687 2733 temporibus
1727 2669 1872 2731 operam

172 2786 317 2854 dederant.

267 2930 324 2991 Ad
356 2950 418 2992 eas
448 2931 589 2993 scholas
599 2980 607 3012 ,
641 2951 733 3012 quae
765 2932 799 2993 in
832 2931 991 3013 plurimis
1022 2931 1245 2994 monasteriis
1278 2944 1398 3012 erant,
1434 2931 1576 2994 saeculo
1608 2929 1746 2992 XVIII.
1781 2929 1873 2990 duae

170 3064 274 3132 classes
297 3069 460 3131 adiectae
485 3078 596 3131 erant.
638 3069 792 3132 Ioannes
814 3071 911 3153 Mur,
936 3073 1048 3134 abbas
1072 3070 1399 3153 Marienbergensis
1425 3069 1674 3152 (1705—1732),
1699 3069 1874 3130 adductus

164 3209 344 3272 auctoritate
369 3208 594 3290 imperatoris
611 3207 726 3272 Caroli
742 3210 814 3291 VI,
839 3209 873 3273 in
898 3231 969 3292 quo
993 3210 1126 3273 defecit
1142 3209 1477 3291 Habsburgensium
1501 3209 1609 3290 stirps
1633 3207 1755 3287 viriliS,
1779 3226 1873 3269 anno

165 3350 226 3420 ¹725
246 3347 380 3410 Merani
403 3347 585 3429 publicum
609 3348 835 3431 gymnasium
859 3360 1050 3429 aperuerat
1074 3358 1242 3431 quattuor
1266 3348 1441 3429 classium,
1471 3348 1600 3428 quibus
1623 3345 1767 3409 biennio
1792 3354 1874 3426 post

157 3479 233 3548 duae
252 3488 394 3567 classes,
418 3487 539 3568 poesis
563 3497 599 3550 et
621 3487 799 3550 rhetorica
823 3487 966 3550 additae
991 3498 1102 3550 erant.
1135 3487 1223 3550 Cum
1239 3487 1472 3569 professores,
1497 3486 1558 3569 qui
1582 3495 1684 3549 erant
1708 3506 1727 3547 e
1751 3504 1872 3546 mona-

157 3623 246 3687 sterio
273 3625 628 3707 Mariae-Montan0,
662 3626 787 3690 relicto
818 3627 1034 3690 monasterio
1069 3638 1232 3690 carerent
1262 3628 1357 3690 vitae
1389 3627 1576 3709 religiosae
1608 3625 1872 3703 communitate,

154 3759 251 3824 abbas
271 3764 372 3827 Beda
395 3763 619 3826 Hildebrand
643 3765 882 3846 (1732—1771)
907 3765 1091 3848 proprium
1114 3766 1273 3829 condidit
1296 3767 1502 3849 collegium,
1532 3765 1567 3827 in
1596 3783 1666 3846 quo
1690 3772 1727 3826 et
1750 3782 1872 3825 mona·

156 3897 280 3964 chorum
303 3912 339 3965 et
361 3902 604 3983 professorum
627 3923 773 3966 munera
796 3915 945 3985 possent
970 3906 1116 3987 explere
1131 3908 1165 3985 ³).
1212 3903 1382 3969 Similiter
1408 3905 1544 3968 fecerat
1571 3923 1664 3967 anno
1694 3921 1771 3981 1777
1798 3901 1873 3963 An-

158 4036 268 4102 selmus
289 4041 508 4123 Passauck0,
532 4043 645 4104 abbas
668 4042 872 4105 monasterii
897 4063 924 4106 s.
948 4043 1050 4106 Pauli
1074 4044 1109 4106 in
1134 4043 1315 4108 Carinthia
1339 4044 1599 4126 (1748-1778),
1629 4042 1682 4104 vir
1711 4039 1873 4121 inprimis

160 4169 331 4241 litterarum
362 4179 560 4259 studiosus,
595 4181 654 4261 qui
685 4191 843 4244 veterem
874 4183 1030 4244 scholam
1062 4183 1347 4246 monasterialem
1382 4203 1408 4247 s.
1440 4182 1542 4244 Pauli
1577 4181 1612 4243 in
1647 4180 1872 4263 gymnasium

166 4319 412 4400 converteram).
459 4315 595 4382 Studiis
619 4321 848 4383 absolvendis
881 4321 915 4382 in
946 4321 1001 4382 his
1033 4322 1230 4403 gymnasiis
1262 4322 1417 4403 quinque
1450 4321 1532 4383 anni
1563 4330 1664 4383 erant
1694 4316 1873 4380 destinati.

169 4442 298 4538 Nomina,
327 4459 457 4539 quibus
485 4459 645 4542 singulos
674 4478 798 4521 cursus
830 4479 966 4522 annuos
997 4459 1245 4540 nominabant,
1276 4462 1365 4523 haec
1396 4470 1515 4523 erant:
1547 4458 1666 4521 infima
1695 4457 1720 4520 I.
1749 4454 1873 4518 classis

172 4597 402 4678 grammaticae,
426 4598 545 4661 media
568 4598 693 4662 classis
717 4599 982 4680 grammaticae,
1007 4618 1172 4681 suprema
1196 4598 1320 4662 classis
1344 4598 1614 4681 grammaticae,
1638 4595 1772 4678 poesis,
1797 4594 1874 4654 rhe-

175 4727 299 4815 turicas).
344 4736 418 4798 Ubi
441 4747 612 4800 semestre
641 4739 793 4818 spatium
824 4738 1030 4820 transierat,
1062 4740 1206 4820 publica
1234 4739 1398 4802 examina
1427 4738 1721 4816 instituebantur,
1755 4733 1874 4797 exitus

178 4857 452 4884 ,κῃ-α-

273 4979 291 5058 ¹)
314 4982 523 5057 Ziegelbauer.

273 5093 293 5173 2)
316 5097 404 5170 Hagn
429 5097 447 5153 l.
472 5116 496 5154 c.

274 5206 293 5286 ³)
315 5209 518 5266 Wendenthal
541 5210 560 5266 l.
586 5230 611 5266 c.
635 5224 665 5281 3.

275 5320 296 5399 ⁴)
320 5323 475 5380 Cerinthia
497 5325 515 5379 I.
541 5344 567 5379 c.

277 5433 296 5511 ⁵)
319 5435 443 5509 Aliquot
467 5439 552 5493 annis
575 5452 646 5513 post
669 5450 777 5512 quarta
800 5437 905 5492 classis
929 5437 1091 5502 rhetorica,
1115 5439 1216 5512 quinta
1240 5438 1342 5512 poesis
1367 5437 1519 5492 nominata
1543 5447 1616 5490 erat.

1640 5537 1667 5583 i*
