4088 6270
228 1671 286 1754 DE
326 1668 673 1755 [ABORIBUS
714 1669 773 1750 IN
815 1665 1084 1751 SCHOllS
1123 1664 1191 1747 ET
1228 1664 1392 1748 CURA
1435 1663 1764 1746 ANIMARUM

819 1818 1157 1906 SUSCEPTIS.

911 2121 1017 2187 CAP.
1041 2122 1068 2186 Ι.

257 2333 361 2437 Cum
386 2392 506 2437 earum
529 2391 646 2434 rerum
670 2391 764 2453 cura,
796 2390 888 2453 quae
920 2372 965 2432 ad
994 2370 1153 2451 corporis
1179 2369 1313 2433 victum
1341 2379 1574 2451 ornatumque
1598 2370 1791 2452 pertinent,
1820 2371 1855 2433 in

163 2514 323 2576 muneribus
347 2521 445 2576 esset
468 2509 791 2592 Benedictinorum,
816 2528 895 2571 curn
919 2508 1091 2590 quidquid
1114 2508 1310 2590 pertineret
1332 2509 1379 2570 ad
1395 2527 1496 2569 usum
1514 2508 1746 2572 domesticum
1762 2510 1855 2572 intra

163 2651 324 2713 nonasterii
348 2669 467 2714 muros
484 2660 580 2713 esset
597 2648 855 2712 conficiendum
871 2648 904 2729 ¹),
928 2657 1047 2710 tamen
1070 2651 1138 2710 hoc
1158 2667 1332 2710 summum
1348 2666 1428 2710 esse
1445 2648 1557 2710 voluit
1580 2669 1607 2712 s.
1624 2648 1852 2730 BenedictuS,

162 2795 187 2846 ut
208 2788 353 2870 discipuli
386 2789 582 2851 animarum
618 2787 864 2869 prospicerent
902 2786 1017 2849 saluti.
1068 2786 1194 2867 Itaque
1227 2785 1467 2866 Benedictini,
1499 2805 1545 2847 ex
1576 2805 1646 2866 quo
1677 2787 1851 2850 exsistere

160 2939 325 3010 coeperunt,
356 2926 571 2990 sanctissimi
601 2926 764 3009 magistri
795 2926 1043 2988 auctoritatem
1074 2925 1132 3006 pie
1167 2926 1281 2988 secuti
1313 2925 1399 2988 nihil
1430 2927 1631 2988 habuerunt
1662 2926 1850 3008 antiquiuS,

159 3080 233 3140 quam
254 3077 290 3128 ut
311 3085 502 3148 puerorum
529 3064 666 3127 animos
689 3063 898 3127 Christianis
925 3065 1130 3146 praeceptis
1161 3064 1360 3127 imbuerent
1389 3065 1425 3127 in
1456 3063 1604 3145 scholis,
1636 3066 1776 3128 adultos
1810 3067 1855 3128 ad

159 3199 225 3264 vitae
244 3215 409 3267 aeternae
426 3223 527 3286 spem
544 3212 652 3284 atque
675 3202 831 3265 studium
855 3203 1054 3265 excitarent
1075 3201 1172 3265 fideli
1192 3223 1277 3265 cura
1300 3204 1504 3266 animarum.
1536 3173 1577 3266 Id
1595 3224 1673 3266 cum
1690 3204 1758 3266 sibi
1774 3224 1854 3286 pro-

157 3341 334 3424 posuissent,
350 3362 430 3405 cum
448 3342 577 3405 ceteris
593 3341 628 3403 in
645 3341 758 3422 terriS,
772 3351 846 3403 tum
862 3341 897 3403 in
914 3341 1062 3422 imperio
1072 3341 1264 3403 Austriaco
1277 3361 1413 3403 summa
1425 3362 1504 3404 cum
1519 3340 1590 3404 fide
1606 3342 1852 3424 impleverunt.

253 3481 372 3561 Atque
399 3479 436 3543 in
464 3479 607 3560 Alpinis
630 3479 799 3542 Austriae
830 3480 934 3541 terris
964 3498 990 3541 a.
1014 3480 1202 3561 Rupertus
1233 3480 1385 3561 primum
1416 3481 1575 3544 condidit
1606 3482 1856 3545 monasterium

158 3610 202 3688 (St.
226 3618 337 3700 Peter)
369 3619 591 3700 primamque
623 3619 656 3681 ei
688 3618 820 3681 adiecit
852 3619 1007 3680 scholam
1022 3621 1061 3702 ²),
1097 3639 1189 3699 quae
1220 3619 1407 3682 Baioariae
1442 3620 1642 3702 principum
1673 3620 1854 3703 praesidio

157 3757 258 3820 munita
279 3759 380 3820 brevi
403 3758 528 3820 mirum
552 3768 722 3839 quantum
747 3756 910 3820 effloruit.
950 3758 1068 3840 Magis
1092 3757 1199 3820 etiam
1222 3769 1327 3822 aucta
1351 3770 1407 3821 est
1428 3777 1486 3821 res
1510 3760 1723 3822 scholastica
1747 3759 1856 3841 impe-

157 3903 243 3958 ratore
264 3896 390 3959 Carolo
413 3897 562 3980 Magno,
587 3915 724 3959 summo
746 3895 807 3958 illo
831 3897 1031 3958 scholarum
1059 3895 1212 3978 fautore,
1244 3916 1308 3977 per
1332 3898 1528 3979 Arnonem,
1561 3898 1712 3980 primum
1743 3900 1855 3961 archi-

159 4030 328 4116 episcopum
342 4034 664 4118 Salisburgensem,
682 4035 833 4098 amicum
849 4034 1129 4117 familiaremque
1142 4035 1294 4118 Alcuini,
1311 4037 1436 4098 summi
1449 4035 1525 4118 viri,
1543 4037 1603 4117 qui
1618 4036 1711 4099 inter
1727 4038 1852 4100 doctos

159 4169 257 4234 amieos
276 4174 503 4256 imperatoris
526 4173 724 4256 principem
739 4173 893 4236 obtinuit
908 4174 1033 4236 locum.
1065 4173 1100 4236 Is
1116 4173 1313 4236 studiorum
1329 4174 1512 4257 rationem,
1529 4195 1621 4256 quae
1638 4173 1672 4237 in
1688 4175 1848 4258 plurimis

160 4311 211 4368 tum
228 4313 349 4376 scholis
372 4314 470 4376 nulla
494 4324 585 4395 erat,
615 4313 813 4377 introduxit
844 4326 890 4395 et,
921 4323 960 4375 ut
991 4332 1036 4375 ex
1068 4313 1221 4393 epistola
1249 4313 1390 4376 Alcuini
1421 4315 1468 4377 ad
1498 4333 1578 4377 eum
1608 4314 1742 4396 scripta
1771 4313 1856 4376 licet

162 4443 300 4533 colligere,
323 4463 463 4533 septem
487 4462 584 4514 artes
607 4452 801 4514 tradendas
825 4452 972 4516 curavit.
1011 4450 1191 4534 Singulari
1207 4472 1293 4515 vero
1317 4473 1401 4516 cura
1424 4455 1611 4534 amplexus
1627 4463 1682 4517 est
1698 4455 1854 4517 scholam

164 4602 433 4625 x—

201 4720 204 4726 ’
259 4730 276 4809 ι)
299 4733 374 4807 Reg.
399 4751 467 4808 cap.
491 4731 542 4789 ὁὸ.

258 4839 276 4919 ²)
298 4843 469 4901 Vierthaler
492 4840 687 4920 (Geschichte
711 4844 765 4901 des
788 4845 1000 4902 Schulwesens
1024 4845 1083 4902 und
1107 4845 1160 4903 der
1183 4845 1287 4903 Cultur
1310 4842 1486 4924 Salzburgs)
1510 4858 1593 4902 recte
1616 4859 1718 4903 monet
1742 4848 1770 4902 in
1794 4848 1851 4903 hoc

166 4936 211 5000 l0⁰⁰
233 4953 368 5030 Congesri
393 4956 544 5013 Arnonis:
579 4957 638 5027 „Et
668 4959 725 5032 ipsi
754 4957 880 5033 predicti
911 4957 1020 5014 fratres
1051 4954 1265 5035 (Tonanzanus
1295 4972 1325 5014 et
1354 4957 1443 5035 Urso)
1474 4977 1540 5014 cum
1571 4958 1696 5015 licencia
1727 4972 1757 5015 et
1790 4979 1856 5017 cum

165 5066 276 5122 c⁰¹¹seusu
293 5068 467 5125 'sheodoris
487 5069 572 5125 ducis
589 5068 775 5126 tradiderunt
797 5069 908 5128 ibidem
925 5089 1042 5128 ornnem
1059 5089 1120 5128 rem
1137 5089 1252 5134 eorum,
1276 5088 1495 5145 quamcumque
1511 5068 1663 5127 habebant
1678 5085 1709 5127 et
1725 5085 1853 5149 nepotes

165 5178 237 5231 e0¹³1111
257 5180 539 5237 commendaverunt
562 5180 600 5236 ad
623 5180 797 5238 discendum
822 5194 852 5238 et
875 5182 912 5239 ad
936 5182 1117 5239 tondendum
1139 5182 1177 5238 ad
1193 5179 1377 5248 Salczburch
1394 5184 1618 5250 monasterium,
1643 5201 1751 5239 nomen
1768 5187 1854 5240 unius

166 5271 283 5348 Uururhuri
319 5308 349 5350 et
383 5293 507 5349 alterius
543 5311 651 5349 nomen
688 5295 851 5351 Cissismo“
892 5292 941 5373 (cs.
973 5297 1086 5352 Breues
1122 5291 1257 5373 notitiae)
1295 5297 1419 5369 primurn
1457 5297 1685 5351 commemorari
1722 5296 1855 5351 scholam

165 5380 398 5478 salisburgensem.

1615 5508 1651 5569 g*
