<?xml version="1.0" encoding="UTF-8"?>
<!DOCTYPE html PUBLIC "-//W3C//DTD XHTML 1.0 Transitional//EN"
    "http://www.w3.org/TR/xhtml1/DTD/xhtml1-transitional.dtd">
<html xmlns="http://www.w3.org/1999/xhtml" xml:lang="en" lang="en">
 <head>
  <title>
</title>
<meta http-equiv="Content-Type" content="text/html;charset=utf-8" />
  <meta name='ocr-system' content='tesseract 3.04.00' />
  <meta name='ocr-capabilities' content='ocr_page ocr_carea ocr_par ocr_line ocrx_word'/>
</head>
<body>
  <div class='ocr_page' id='page_1' title='image "./scriptoresordin00benegoog_0062.png"; bbox 0 0 4088 6270; ppageno 0'>
   <div class='ocr_carea' id='block_1_1' title="bbox 838 493 1140 556">
    <p class='ocr_par' dir='ltr' id='par_1_1' title="bbox 838 493 1140 556">
     <span class='ocr_line' id='line_1_1' title="bbox 838 493 1140 556; baseline 0 0"><span class='ocrx_word' id='word_1_1' title='bbox 838 532 877 541; x_wconf 95' lang='lat'>-</span> <span class='ocrx_word' id='word_1_2' title='bbox 924 493 1052 556; x_wconf 89' lang='lat' dir='ltr'>XLIX</span> <span class='ocrx_word' id='word_1_3' title='bbox 1098 530 1140 539; x_wconf 89' lang='lat'>—</span> 
     </span>
    </p>
   </div>
   <div class='ocr_carea' id='block_1_2' title="bbox 156 717 1861 4677">
    <p class='ocr_par' dir='ltr' id='par_1_2' title="bbox 159 717 1860 1910">
     <span class='ocr_line' id='line_1_2' title="bbox 159 717 1858 804; baseline -0.005 -16"><span class='ocrx_word' id='word_1_4' title='bbox 159 721 367 804; x_wconf 86' lang='lat' dir='ltr'>apraefectis</span> <span class='ocrx_word' id='word_1_5' title='bbox 397 721 597 784; x_wconf 90' lang='lat' dir='ltr'>Helveticis</span> <span class='ocrx_word' id='word_1_6' title='bbox 632 725 707 800; x_wconf 86' lang='lat'>1841</span> <span class='ocrx_word' id='word_1_7' title='bbox 747 723 853 783; x_wconf 94' lang='lat' dir='ltr'>domo</span> <span class='ocrx_word' id='word_1_8' title='bbox 887 719 999 801; x_wconf 91' lang='lat' dir='ltr'>pulsis</span> <span class='ocrx_word' id='word_1_9' title='bbox 1035 717 1139 781; x_wconf 89' lang='lat' dir='ltr'>Gries</span> <span class='ocrx_word' id='word_1_10' title='bbox 1174 718 1428 781; x_wconf 87' lang='lat' dir='ltr'>monasterium</span> <span class='ocrx_word' id='word_1_11' title='bbox 1464 717 1713 780; x_wconf 89' lang='lat' dir='ltr'>canonicorum</span> <span class='ocrx_word' id='word_1_12' title='bbox 1744 737 1858 798; x_wconf 88' lang='lat' dir='ltr'>prope</span> 
     </span>
     <span class='ocr_line' id='line_1_3' title="bbox 159 855 1860 942; baseline -0.005 -18"><span class='ocrx_word' id='word_1_13' title='bbox 159 864 314 925; x_wconf 84' lang='lat' dir='ltr'>Bolzanum</span> <span class='ocrx_word' id='word_1_14' title='bbox 338 859 373 922; x_wconf 92' lang='lat' dir='ltr'>in</span> <span class='ocrx_word' id='word_1_15' title='bbox 397 860 506 923; x_wconf 89' lang='lat' dir='ltr'>Tiroli</span> <span class='ocrx_word' id='word_1_16' title='bbox 533 861 640 923; x_wconf 92' lang='lat' dir='ltr'>situm</span> <span class='ocrx_word' id='word_1_17' title='bbox 669 862 715 921; x_wconf 91' lang='lat' dir='ltr'>ab</span> <span class='ocrx_word' id='word_1_18' title='bbox 743 859 892 942; x_wconf 93' lang='lat' dir='ltr'>imperio</span> <span class='ocrx_word' id='word_1_19' title='bbox 917 857 1092 920; x_wconf 89' lang='lat' dir='ltr'>Bavarico</span> <span class='ocrx_word' id='word_1_20' title='bbox 1120 861 1199 936; x_wconf 85' lang='lat'><em>1807</em></span> <span class='ocrx_word' id='word_1_21' title='bbox 1232 856 1404 919; x_wconf 91' lang='lat' dir='ltr'>abolitum</span> <span class='ocrx_word' id='word_1_22' title='bbox 1435 875 1514 918; x_wconf 90' lang='lat' dir='ltr'>cum</span> <span class='ocrx_word' id='word_1_23' title='bbox 1546 855 1708 918; x_wconf 93' lang='lat' dir='ltr'>omnibus</span> <span class='ocrx_word' id='word_1_24' title='bbox 1738 855 1860 918; x_wconf 88' lang='lat' dir='ltr'>fundis</span> 
     </span>
     <span class='ocr_line' id='line_1_4' title="bbox 159 995 1857 1082; baseline -0.004 -17"><span class='ocrx_word' id='word_1_25' title='bbox 159 1000 308 1082; x_wconf 85' lang='lat' dir='ltr'>concessit,</span> <span class='ocrx_word' id='word_1_26' title='bbox 331 1008 371 1062; x_wconf 93' lang='lat' dir='ltr'>ut</span> <span class='ocrx_word' id='word_1_27' title='bbox 395 1009 490 1062; x_wconf 89' lang='lat' dir='ltr'>esset</span> <span class='ocrx_word' id='word_1_28' title='bbox 513 998 702 1081; x_wconf 87' lang='lat' dir='ltr'>prioratus.</span> <span class='ocrx_word' id='word_1_29' title='bbox 748 998 908 1061; x_wconf 88' lang='lat' dir='ltr'>Eandem</span> <span class='ocrx_word' id='word_1_30' title='bbox 931 996 1219 1059; x_wconf 85' lang='lat' dir='ltr'>benevolentiam</span> <span class='ocrx_word' id='word_1_31' title='bbox 1243 995 1459 1058; x_wconf 89' lang='lat' dir='ltr'>Ferdinandi</span> <span class='ocrx_word' id='word_1_32' title='bbox 1482 1015 1612 1078; x_wconf 92' lang='lat' dir='ltr'>nepos,</span> <span class='ocrx_word' id='word_1_33' title='bbox 1645 995 1857 1060; x_wconf 90' lang='lat' dir='ltr'>Franciscus</span> 
     </span>
     <span class='ocr_line' id='line_1_5' title="bbox 159 1135 1860 1220; baseline -0.002 -19"><span class='ocrx_word' id='word_1_34' title='bbox 159 1141 309 1220; x_wconf 83' lang='lat' dir='ltr'>Iosephus,</span> <span class='ocrx_word' id='word_1_35' title='bbox 341 1138 403 1220; x_wconf 92' lang='lat' dir='ltr'>qui</span> <span class='ocrx_word' id='word_1_36' title='bbox 433 1157 517 1200; x_wconf 92' lang='lat' dir='ltr'>vere</span> <span class='ocrx_word' id='word_1_37' title='bbox 548 1147 653 1219; x_wconf 91' lang='lat' dir='ltr'>pater</span> <span class='ocrx_word' id='word_1_38' title='bbox 683 1137 895 1218; x_wconf 90' lang='lat' dir='ltr'>populorum</span> <span class='ocrx_word' id='word_1_39' title='bbox 926 1156 1018 1198; x_wconf 91' lang='lat' dir='ltr'>nunc</span> <span class='ocrx_word' id='word_1_40' title='bbox 1049 1136 1294 1217; x_wconf 91' lang='lat' dir='ltr'>gubernacula</span> <span class='ocrx_word' id='word_1_41' title='bbox 1324 1144 1440 1215; x_wconf 91' lang='lat' dir='ltr'>tenet,</span> <span class='ocrx_word' id='word_1_42' title='bbox 1472 1135 1586 1197; x_wconf 92' lang='lat' dir='ltr'>ordini</span> <span class='ocrx_word' id='word_1_43' title='bbox 1619 1155 1645 1196; x_wconf 91' lang='lat' dir='ltr'>s.</span> <span class='ocrx_word' id='word_1_44' title='bbox 1670 1135 1860 1198; x_wconf 88' lang='lat' dir='ltr'>Benedicti</span> 
     </span>
     <span class='ocr_line' id='line_1_6' title="bbox 159 1272 1858 1359; baseline -0.002 -19"><span class='ocrx_word' id='word_1_45' title='bbox 159 1285 292 1359; x_wconf 84' lang='lat' dir='ltr'>praestat.</span> <span class='ocrx_word' id='word_1_46' title='bbox 337 1276 372 1338; x_wconf 91' lang='lat' dir='ltr'>Is</span> <span class='ocrx_word' id='word_1_47' title='bbox 402 1275 581 1357; x_wconf 83' lang='lat' dir='ltr'>permisit,</span> <span class='ocrx_word' id='word_1_48' title='bbox 612 1285 651 1338; x_wconf 92' lang='lat' dir='ltr'>ut</span> <span class='ocrx_word' id='word_1_49' title='bbox 682 1274 845 1338; x_wconf 89' lang='lat' dir='ltr'>monachi</span> <span class='ocrx_word' id='word_1_50' title='bbox 880 1276 914 1336; x_wconf 93' lang='lat' dir='ltr'>b.</span> <span class='ocrx_word' id='word_1_51' title='bbox 945 1274 1082 1336; x_wconf 91' lang='lat' dir='ltr'>Mariae</span> <span class='ocrx_word' id='word_1_52' title='bbox 1112 1275 1157 1335; x_wconf 98' lang='lat' dir='ltr'>de</span> <span class='ocrx_word' id='word_1_53' title='bbox 1187 1274 1378 1336; x_wconf 90' lang='lat' dir='ltr'>Praetalea</span> <span class='ocrx_word' id='word_1_54' title='bbox 1410 1272 1538 1336; x_wconf 91' lang='lat' dir='ltr'>Dailae</span> <span class='ocrx_word' id='word_1_55' title='bbox 1570 1275 1605 1336; x_wconf 91' lang='lat' dir='ltr'>in</span> <span class='ocrx_word' id='word_1_56' title='bbox 1637 1273 1741 1337; x_wconf 93' lang='lat' dir='ltr'>Istria</span> <span class='ocrx_word' id='word_1_57' title='bbox 1777 1277 1858 1336; x_wconf 84' lang='lat'>1866</span> 
     </span>
     <span class='ocr_line' id='line_1_7' title="bbox 159 1411 1859 1495; baseline -0.002 -19"><span class='ocrx_word' id='word_1_58' title='bbox 159 1414 333 1478; x_wconf 84' lang='lat' dir='ltr'>domicilium</span> <span class='ocrx_word' id='word_1_59' title='bbox 358 1413 426 1476; x_wconf 90' lang='lat' dir='ltr'>sibi</span> <span class='ocrx_word' id='word_1_60' title='bbox 450 1414 717 1495; x_wconf 86' lang='lat' dir='ltr'>constituerent,</span> <span class='ocrx_word' id='word_1_61' title='bbox 746 1423 783 1475; x_wconf 93' lang='lat' dir='ltr'>et</span> <span class='ocrx_word' id='word_1_62' title='bbox 811 1413 952 1475; x_wconf 92' lang='lat' dir='ltr'>sodales</span> <span class='ocrx_word' id='word_1_63' title='bbox 975 1411 1266 1494; x_wconf 91' lang='lat' dir='ltr'>congregationis</span> <span class='ocrx_word' id='word_1_64' title='bbox 1290 1411 1530 1474; x_wconf 91' lang='lat' dir='ltr'>Beuronensis</span> <span class='ocrx_word' id='word_1_65' title='bbox 1558 1412 1640 1494; x_wconf 90' lang='lat' dir='ltr'>lege</span> <span class='ocrx_word' id='word_1_66' title='bbox 1665 1412 1859 1475; x_wconf 90' lang='lat' dir='ltr'>Borussica</span> 
     </span>
     <span class='ocr_line' id='line_1_8' title="bbox 162 1549 1859 1633; baseline -0.001 -19"><span class='ocrx_word' id='word_1_67' title='bbox 162 1557 216 1631; x_wconf 78' lang='lat'>1875</span> <span class='ocrx_word' id='word_1_68' title='bbox 236 1573 277 1615; x_wconf 89' lang='lat' dir='ltr'>ex</span> <span class='ocrx_word' id='word_1_69' title='bbox 299 1552 416 1633; x_wconf 91' lang='lat' dir='ltr'>patria</span> <span class='ocrx_word' id='word_1_70' title='bbox 446 1552 541 1633; x_wconf 92' lang='lat' dir='ltr'>pulsi</span> <span class='ocrx_word' id='word_1_71' title='bbox 574 1553 726 1633; x_wconf 89' lang='lat' dir='ltr'>primum</span> <span class='ocrx_word' id='word_1_72' title='bbox 757 1551 792 1613; x_wconf 92' lang='lat' dir='ltr'>in</span> <span class='ocrx_word' id='word_1_73' title='bbox 824 1550 1077 1613; x_wconf 88' lang='lat' dir='ltr'>monasterium</span> <span class='ocrx_word' id='word_1_74' title='bbox 1109 1571 1135 1612; x_wconf 94' lang='lat' dir='ltr'>s.</span> <span class='ocrx_word' id='word_1_75' title='bbox 1160 1549 1279 1612; x_wconf 90' lang='lat' dir='ltr'>Caroli</span> <span class='ocrx_word' id='word_1_76' title='bbox 1302 1552 1347 1612; x_wconf 92' lang='lat' dir='ltr'>de</span> <span class='ocrx_word' id='word_1_77' title='bbox 1369 1550 1523 1612; x_wconf 91' lang='lat' dir='ltr'>Volders</span> <span class='ocrx_word' id='word_1_78' title='bbox 1554 1569 1667 1631; x_wconf 90' lang='lat' dir='ltr'>prope</span> <span class='ocrx_word' id='word_1_79' title='bbox 1699 1551 1783 1612; x_wconf 94' lang='lat' dir='ltr'>Hall</span> <span class='ocrx_word' id='word_1_80' title='bbox 1813 1552 1859 1612; x_wconf 96' lang='lat' dir='ltr'>ad</span> 
     </span>
     <span class='ocr_line' id='line_1_9' title="bbox 159 1685 1859 1772; baseline -0.002 -20"><span class='ocrx_word' id='word_1_81' title='bbox 159 1687 262 1752; x_wconf 81' lang='lat' dir='ltr'>Ocnum</span> <span class='ocrx_word' id='word_1_82' title='bbox 291 1688 542 1772; x_wconf 84' lang='lat' dir='ltr'>confugerent,</span> <span class='ocrx_word' id='word_1_83' title='bbox 579 1700 616 1752; x_wconf 91' lang='lat' dir='ltr'>et</span> <span class='ocrx_word' id='word_1_84' title='bbox 655 1694 735 1752; x_wconf 90' lang='lat'>1880</span> <span class='ocrx_word' id='word_1_85' title='bbox 765 1708 831 1771; x_wconf 92' lang='lat' dir='ltr'>per</span> <span class='ocrx_word' id='word_1_86' title='bbox 860 1687 1075 1751; x_wconf 88' lang='lat' dir='ltr'>cardinalem</span> <span class='ocrx_word' id='word_1_87' title='bbox 1110 1689 1154 1750; x_wconf 93' lang='lat' dir='ltr'>de</span> <span class='ocrx_word' id='word_1_88' title='bbox 1186 1685 1491 1770; x_wconf 87' lang='lat' dir='ltr'>Schwarzenberg</span> <span class='ocrx_word' id='word_1_89' title='bbox 1526 1688 1561 1749; x_wconf 92' lang='lat' dir='ltr'>in</span> <span class='ocrx_word' id='word_1_90' title='bbox 1595 1687 1859 1769; x_wconf 92' lang='lat' dir='ltr'>possessionem</span> 
     </span>
     <span class='ocr_line' id='line_1_10' title="bbox 160 1826 948 1910; baseline 0.001 -22"><span class='ocrx_word' id='word_1_91' title='bbox 160 1827 328 1889; x_wconf 86' lang='lat' dir='ltr'>monasterii</span> <span class='ocrx_word' id='word_1_92' title='bbox 352 1827 533 1890; x_wconf 82' lang='lat' dir='ltr'>Emautini</span> <span class='ocrx_word' id='word_1_93' title='bbox 557 1827 752 1910; x_wconf 87' lang='lat' dir='ltr'>Pragensis</span> <span class='ocrx_word' id='word_1_94' title='bbox 774 1826 948 1890; x_wconf 90' lang='lat' dir='ltr'>venirent.</span> 
     </span>
    </p>

    <p class='ocr_par' dir='ltr' id='par_1_3' title="bbox 158 1964 1861 3568">
     <span class='ocr_line' id='line_1_11' title="bbox 256 1964 1861 2046; baseline -0.001 -20"><span class='ocrx_word' id='word_1_95' title='bbox 256 1965 361 2027; x_wconf 91' lang='lat' dir='ltr'>Brevi</span> <span class='ocrx_word' id='word_1_96' title='bbox 393 1966 499 2028; x_wconf 91' lang='lat' dir='ltr'>etiam</span> <span class='ocrx_word' id='word_1_97' title='bbox 530 1975 615 2028; x_wconf 90' lang='lat' dir='ltr'>vota</span> <span class='ocrx_word' id='word_1_98' title='bbox 652 1964 954 2046; x_wconf 86' lang='lat' dir='ltr'>exaudiebantur,</span> <span class='ocrx_word' id='word_1_99' title='bbox 986 1975 1025 2028; x_wconf 90' lang='lat' dir='ltr'>ut</span> <span class='ocrx_word' id='word_1_100' title='bbox 1056 1966 1143 2027; x_wconf 94' lang='lat' dir='ltr'>ordo</span> <span class='ocrx_word' id='word_1_101' title='bbox 1173 1965 1284 2027; x_wconf 93' lang='lat' dir='ltr'>artius</span> <span class='ocrx_word' id='word_1_102' title='bbox 1320 1984 1399 2027; x_wconf 90' lang='lat' dir='ltr'>cum</span> <span class='ocrx_word' id='word_1_103' title='bbox 1432 1965 1518 2026; x_wconf 90' lang='lat' dir='ltr'>sede</span> <span class='ocrx_word' id='word_1_104' title='bbox 1549 1964 1747 2044; x_wconf 90' lang='lat' dir='ltr'>apostolica</span> <span class='ocrx_word' id='word_1_105' title='bbox 1780 1982 1861 2027; x_wconf 92' lang='lat' dir='ltr'>con-</span> 
     </span>
     <span class='ocr_line' id='line_1_12' title="bbox 162 2100 1860 2185; baseline 0.002 -24"><span class='ocrx_word' id='word_1_106' title='bbox 162 2101 340 2184; x_wconf 87' lang='lat' dir='ltr'>iungeretur,</span> <span class='ocrx_word' id='word_1_107' title='bbox 353 2104 475 2185; x_wconf 91' lang='lat' dir='ltr'>itaque</span> <span class='ocrx_word' id='word_1_108' title='bbox 492 2103 569 2167; x_wconf 91' lang='lat' dir='ltr'>eius</span> <span class='ocrx_word' id='word_1_109' title='bbox 587 2103 797 2166; x_wconf 87' lang='lat' dir='ltr'>instauratio</span> <span class='ocrx_word' id='word_1_110' title='bbox 814 2112 1097 2185; x_wconf 90' lang='lat' dir='ltr'>praepararetur.</span> <span class='ocrx_word' id='word_1_111' title='bbox 1127 2100 1228 2182; x_wconf 82' lang='lat' dir='ltr'>Quae</span> <span class='ocrx_word' id='word_1_112' title='bbox 1244 2110 1330 2164; x_wconf 92' lang='lat' dir='ltr'>vota</span> <span class='ocrx_word' id='word_1_113' title='bbox 1345 2121 1367 2163; x_wconf 93' lang='lat' dir='ltr'>a</span> <span class='ocrx_word' id='word_1_114' title='bbox 1387 2100 1558 2163; x_wconf 84' lang='lat' dir='ltr'>cardinali</span> <span class='ocrx_word' id='word_1_115' title='bbox 1574 2103 1619 2163; x_wconf 98' lang='lat' dir='ltr'>de</span> <span class='ocrx_word' id='word_1_116' title='bbox 1633 2100 1860 2164; x_wconf 87' lang='lat' dir='ltr'>Schwarzen-</span> 
     </span>
     <span class='ocr_line' id='line_1_13' title="bbox 161 2239 1859 2324; baseline 0.002 -25"><span class='ocrx_word' id='word_1_117' title='bbox 161 2240 232 2322; x_wconf 82' lang='lat' dir='ltr'>berg,</span> <span class='ocrx_word' id='word_1_118' title='bbox 251 2241 520 2324; x_wconf 89' lang='lat' dir='ltr'>archiepiscopo</span> <span class='ocrx_word' id='word_1_119' title='bbox 544 2240 810 2324; x_wconf 87' lang='lat' dir='ltr'>Salisburgensi</span> <span class='ocrx_word' id='word_1_120' title='bbox 835 2250 870 2303; x_wconf 90' lang='lat' dir='ltr'>et</span> <span class='ocrx_word' id='word_1_121' title='bbox 893 2240 1043 2322; x_wconf 90' lang='lat' dir='ltr'>primate</span> <span class='ocrx_word' id='word_1_122' title='bbox 1065 2239 1277 2303; x_wconf 87' lang='lat' dir='ltr'>Germaniae</span> <span class='ocrx_word' id='word_1_123' title='bbox 1301 2259 1431 2322; x_wconf 90' lang='lat' dir='ltr'>magno</span> <span class='ocrx_word' id='word_1_124' title='bbox 1455 2258 1563 2320; x_wconf 89' lang='lat' dir='ltr'>opere</span> <span class='ocrx_word' id='word_1_125' title='bbox 1587 2239 1859 2302; x_wconf 89' lang='lat' dir='ltr'>adiuvabantur.</span> 
     </span>
     <span class='ocr_line' id='line_1_14' title="bbox 161 2376 1858 2462; baseline 0.001 -24"><span class='ocrx_word' id='word_1_126' title='bbox 161 2376 216 2440; x_wconf 91' lang='lat' dir='ltr'>Hoc</span> <span class='ocrx_word' id='word_1_127' title='bbox 234 2380 499 2462; x_wconf 90' lang='lat' dir='ltr'>archiepiscopo</span> <span class='ocrx_word' id='word_1_128' title='bbox 522 2389 667 2443; x_wconf 88' lang='lat' dir='ltr'>auctore</span> <span class='ocrx_word' id='word_1_129' title='bbox 695 2400 716 2441; x_wconf 97' lang='lat' dir='ltr'>a</span> <span class='ocrx_word' id='word_1_130' title='bbox 744 2398 846 2442; x_wconf 91' lang='lat' dir='ltr'>sacra</span> <span class='ocrx_word' id='word_1_131' title='bbox 874 2379 1152 2461; x_wconf 85' lang='lat' dir='ltr'>congregatione</span> <span class='ocrx_word' id='word_1_132' title='bbox 1184 2380 1431 2462; x_wconf 91' lang='lat' dir='ltr'>episcoporum</span> <span class='ocrx_word' id='word_1_133' title='bbox 1463 2389 1498 2442; x_wconf 92' lang='lat' dir='ltr'>et</span> <span class='ocrx_word' id='word_1_134' title='bbox 1529 2379 1744 2462; x_wconf 89' lang='lat' dir='ltr'>regularium</span> <span class='ocrx_word' id='word_1_135' title='bbox 1774 2387 1858 2441; x_wconf 90' lang='lat' dir='ltr'>ante</span> 
     </span>
     <span class='ocr_line' id='line_1_15' title="bbox 161 2516 1860 2600; baseline 0.002 -25"><span class='ocrx_word' id='word_1_136' title='bbox 161 2516 227 2579; x_wconf 85' lang='lat' dir='ltr'>diem</span> <span class='ocrx_word' id='word_1_137' title='bbox 245 2519 385 2582; x_wconf 88' lang='lat' dir='ltr'>tertium</span> <span class='ocrx_word' id='word_1_138' title='bbox 410 2517 586 2581; x_wconf 90' lang='lat' dir='ltr'>Calendas</span> <span class='ocrx_word' id='word_1_139' title='bbox 610 2518 756 2599; x_wconf 89' lang='lat' dir='ltr'>Apriles</span> <span class='ocrx_word' id='word_1_140' title='bbox 779 2517 862 2580; x_wconf 89' lang='lat' dir='ltr'>anni</span> <span class='ocrx_word' id='word_1_141' title='bbox 891 2522 969 2596; x_wconf 84' lang='lat'>1842</span> <span class='ocrx_word' id='word_1_142' title='bbox 995 2520 1177 2581; x_wconf 87' lang='lat' dir='ltr'>decretum</span> <span class='ocrx_word' id='word_1_143' title='bbox 1202 2529 1266 2600; x_wconf 91' lang='lat' dir='ltr'>est,</span> <span class='ocrx_word' id='word_1_144' title='bbox 1291 2527 1330 2580; x_wconf 92' lang='lat' dir='ltr'>ut</span> <span class='ocrx_word' id='word_1_145' title='bbox 1352 2518 1430 2599; x_wconf 92' lang='lat' dir='ltr'>ipse</span> <span class='ocrx_word' id='word_1_146' title='bbox 1453 2517 1618 2581; x_wconf 91' lang='lat' dir='ltr'>visitator</span> <span class='ocrx_word' id='word_1_147' title='bbox 1640 2517 1860 2597; x_wconf 92' lang='lat' dir='ltr'>apostolicus</span> 
     </span>
     <span class='ocr_line' id='line_1_16' title="bbox 161 2655 1859 2741; baseline 0.001 -27"><span class='ocrx_word' id='word_1_148' title='bbox 161 2655 235 2718; x_wconf 89' lang='lat' dir='ltr'>trium</span> <span class='ocrx_word' id='word_1_149' title='bbox 260 2677 429 2720; x_wconf 91' lang='lat' dir='ltr'>annorum</span> <span class='ocrx_word' id='word_1_150' title='bbox 457 2656 569 2738; x_wconf 86' lang='lat' dir='ltr'>fieret,</span> <span class='ocrx_word' id='word_1_151' title='bbox 601 2657 705 2738; x_wconf 90' lang='lat' dir='ltr'>eique</span> <span class='ocrx_word' id='word_1_152' title='bbox 730 2666 892 2737; x_wconf 92' lang='lat' dir='ltr'>potestas</span> <span class='ocrx_word' id='word_1_153' title='bbox 916 2658 1060 2719; x_wconf 91' lang='lat' dir='ltr'>daretur</span> <span class='ocrx_word' id='word_1_154' title='bbox 1093 2658 1261 2741; x_wconf 85' lang='lat' dir='ltr'>,idoneas</span> <span class='ocrx_word' id='word_1_155' title='bbox 1291 2674 1464 2738; x_wconf 86' lang='lat' dir='ltr'>personas</span> <span class='ocrx_word' id='word_1_156' title='bbox 1496 2655 1758 2719; x_wconf 90' lang='lat' dir='ltr'>ecclesiasticas</span> <span class='ocrx_word' id='word_1_157' title='bbox 1789 2655 1859 2718; x_wconf 89' lang='lat' dir='ltr'>sibi</span> 
     </span>
     <span class='ocr_line' id='line_1_17' title="bbox 161 2792 1860 2877; baseline 0.003 -26"><span class='ocrx_word' id='word_1_158' title='bbox 161 2792 315 2857; x_wconf 88' lang='lat' dir='ltr'>benevisas</span> <span class='ocrx_word' id='word_1_159' title='bbox 348 2796 384 2857; x_wconf 92' lang='lat' dir='ltr'>in</span> <span class='ocrx_word' id='word_1_160' title='bbox 418 2794 690 2858; x_wconf 88' lang='lat' dir='ltr'>convisitatores</span> <span class='ocrx_word' id='word_1_161' title='bbox 721 2804 828 2876; x_wconf 87' lang='lat' dir='ltr'>prout</span> <span class='ocrx_word' id='word_1_162' title='bbox 858 2795 892 2857; x_wconf 90' lang='lat' dir='ltr'>in</span> <span class='ocrx_word' id='word_1_163' title='bbox 923 2795 1076 2857; x_wconf 91' lang='lat' dir='ltr'>Domino</span> <span class='ocrx_word' id='word_1_164' title='bbox 1111 2794 1342 2857; x_wconf 82' lang='lat' dir='ltr'>iudicaverit“</span> <span class='ocrx_word' id='word_1_165' title='bbox 1380 2793 1551 2877; x_wconf 89' lang='lat' dir='ltr'>eligendi,</span> <span class='ocrx_word' id='word_1_166' title='bbox 1583 2794 1642 2874; x_wconf 93' lang='lat' dir='ltr'>qui</span> <span class='ocrx_word' id='word_1_167' title='bbox 1673 2793 1860 2856; x_wconf 91' lang='lat' dir='ltr'>visitarent</span> 
     </span>
     <span class='ocr_line' id='line_1_18' title="bbox 161 2933 1859 3016; baseline 0.003 -26"><span class='ocrx_word' id='word_1_168' title='bbox 161 2935 339 2997; x_wconf 87' lang='lat' dir='ltr'>monasteria</span> <span class='ocrx_word' id='word_1_169' title='bbox 361 2946 434 2997; x_wconf 93' lang='lat' dir='ltr'>tam</span> <span class='ocrx_word' id='word_1_170' title='bbox 458 2935 494 2996; x_wconf 90' lang='lat' dir='ltr'>in</span> <span class='ocrx_word' id='word_1_171' title='bbox 518 2933 759 3015; x_wconf 89' lang='lat' dir='ltr'>spiritualibus</span> <span class='ocrx_word' id='word_1_172' title='bbox 784 2954 889 3016; x_wconf 91' lang='lat' dir='ltr'>quam</span> <span class='ocrx_word' id='word_1_173' title='bbox 913 2934 948 2995; x_wconf 91' lang='lat' dir='ltr'>in</span> <span class='ocrx_word' id='word_1_174' title='bbox 972 2934 1245 3014; x_wconf 87' lang='lat' dir='ltr'>temporalibus;</span> <span class='ocrx_word' id='word_1_175' title='bbox 1276 2933 1451 3014; x_wconf 91' lang='lat' dir='ltr'>simulque</span> <span class='ocrx_word' id='word_1_176' title='bbox 1474 2936 1542 2996; x_wconf 94' lang='lat' dir='ltr'>hoc</span> <span class='ocrx_word' id='word_1_177' title='bbox 1565 2933 1770 2995; x_wconf 87' lang='lat' dir='ltr'>mandatum</span> <span class='ocrx_word' id='word_1_178' title='bbox 1794 2942 1859 3013; x_wconf 91' lang='lat' dir='ltr'>est,</span> 
     </span>
     <span class='ocr_line' id='line_1_19' title="bbox 160 3060 1859 3156; baseline 0.005 -29"><span class='ocrx_word' id='word_1_179' title='bbox 160 3078 186 3129; x_wconf 88' lang='lat' dir='ltr'>ut</span> <span class='ocrx_word' id='word_1_180' title='bbox 202 3060 401 3135; x_wconf 86' lang='lat' dir='ltr'>monasteria</span> <span class='ocrx_word' id='word_1_181' title='bbox 424 3081 460 3133; x_wconf 88' lang='lat' dir='ltr'>et</span> <span class='ocrx_word' id='word_1_182' title='bbox 483 3091 548 3134; x_wconf 91' lang='lat' dir='ltr'>sua</span> <span class='ocrx_word' id='word_1_183' title='bbox 571 3083 608 3135; x_wconf 88' lang='lat' dir='ltr'>et</span> <span class='ocrx_word' id='word_1_184' title='bbox 631 3073 847 3137; x_wconf 91' lang='lat' dir='ltr'>dioecesium</span> <span class='ocrx_word' id='word_1_185' title='bbox 872 3074 1111 3137; x_wconf 90' lang='lat' dir='ltr'>subiectarum</span> <span class='ocrx_word' id='word_1_186' title='bbox 1140 3072 1450 3156; x_wconf 75' lang='lat' dir='ltr'>(salisburgensis,</span> <span class='ocrx_word' id='word_1_187' title='bbox 1482 3071 1690 3153; x_wconf 75' lang='lat' dir='ltr'>GurcensiS,</span> <span class='ocrx_word' id='word_1_188' title='bbox 1719 3072 1859 3135; x_wconf 90' lang='lat' dir='ltr'>Lavan-</span> 
     </span>
     <span class='ocr_line' id='line_1_20' title="bbox 159 3208 1860 3294; baseline 0.005 -28"><span class='ocrx_word' id='word_1_189' title='bbox 159 3208 248 3290; x_wconf 83' lang='lat' dir='ltr'>tensis,</span> <span class='ocrx_word' id='word_1_190' title='bbox 277 3209 513 3291; x_wconf 79' lang='lat' dir='ltr'>Brininensis,</span> <span class='ocrx_word' id='word_1_191' title='bbox 543 3209 784 3292; x_wconf 85' lang='lat' dir='ltr'>Tridentinae)</span> <span class='ocrx_word' id='word_1_192' title='bbox 817 3211 1096 3293; x_wconf 87' lang='lat' dir='ltr'>congregatione</span> <span class='ocrx_word' id='word_1_193' title='bbox 1126 3211 1218 3274; x_wconf 86' lang='lat' dir='ltr'>inter</span> <span class='ocrx_word' id='word_1_194' title='bbox 1248 3231 1287 3274; x_wconf 90' lang='lat' dir='ltr'>se</span> <span class='ocrx_word' id='word_1_195' title='bbox 1320 3211 1562 3294; x_wconf 90' lang='lat' dir='ltr'>coniungeret.</span> <span class='ocrx_word' id='word_1_196' title='bbox 1607 3211 1709 3274; x_wconf 87' lang='lat' dir='ltr'>Haec</span> <span class='ocrx_word' id='word_1_197' title='bbox 1741 3221 1860 3274; x_wconf 92' lang='lat' dir='ltr'>tamen</span> 
     </span>
     <span class='ocr_line' id='line_1_21' title="bbox 159 3349 1858 3432; baseline 0.004 -28"><span class='ocrx_word' id='word_1_198' title='bbox 159 3360 295 3427; x_wconf 88' lang='lat' dir='ltr'>prospere</span> <span class='ocrx_word' id='word_1_199' title='bbox 319 3359 447 3428; x_wconf 89' lang='lat' dir='ltr'>coepta</span> <span class='ocrx_word' id='word_1_200' title='bbox 472 3368 550 3410; x_wconf 92' lang='lat' dir='ltr'>cum</span> <span class='ocrx_word' id='word_1_201' title='bbox 574 3349 652 3410; x_wconf 91' lang='lat' dir='ltr'>aliis</span> <span class='ocrx_word' id='word_1_202' title='bbox 674 3351 791 3430; x_wconf 78' lang='lat' dir='ltr'>rebuS,</span> <span class='ocrx_word' id='word_1_203' title='bbox 816 3359 890 3412; x_wconf 91' lang='lat' dir='ltr'>tum</span> <span class='ocrx_word' id='word_1_204' title='bbox 914 3349 1088 3412; x_wconf 90' lang='lat' dir='ltr'>seditione</span> <span class='ocrx_word' id='word_1_205' title='bbox 1112 3350 1172 3412; x_wconf 86' lang='lat' dir='ltr'>illa</span> <span class='ocrx_word' id='word_1_206' title='bbox 1195 3350 1277 3413; x_wconf 90' lang='lat' dir='ltr'>anni</span> <span class='ocrx_word' id='word_1_207' title='bbox 1298 3354 1389 3432; x_wconf 87' lang='lat'>1848,</span> <span class='ocrx_word' id='word_1_208' title='bbox 1414 3371 1484 3432; x_wconf 93' lang='lat' dir='ltr'>qua</span> <span class='ocrx_word' id='word_1_209' title='bbox 1508 3370 1578 3414; x_wconf 92' lang='lat' dir='ltr'>non</span> <span class='ocrx_word' id='word_1_210' title='bbox 1601 3351 1715 3413; x_wconf 89' lang='lat' dir='ltr'>solum</span> <span class='ocrx_word' id='word_1_211' title='bbox 1738 3369 1858 3411; x_wconf 90' lang='lat' dir='ltr'>mona-</span> 
     </span>
     <span class='ocr_line' id='line_1_22' title="bbox 158 3483 1742 3568; baseline 0.006 -25"><span class='ocrx_word' id='word_1_212' title='bbox 158 3483 237 3546; x_wconf 81' lang='lat' dir='ltr'>steria</span> <span class='ocrx_word' id='word_1_213' title='bbox 258 3488 318 3548; x_wconf 90' lang='lat' dir='ltr'>sed</span> <span class='ocrx_word' id='word_1_214' title='bbox 342 3486 528 3568; x_wconf 91' lang='lat' dir='ltr'>imperium</span> <span class='ocrx_word' id='word_1_215' title='bbox 553 3487 668 3568; x_wconf 90' lang='lat' dir='ltr'>ipsum</span> <span class='ocrx_word' id='word_1_216' title='bbox 692 3488 728 3549; x_wconf 92' lang='lat' dir='ltr'>in</span> <span class='ocrx_word' id='word_1_217' title='bbox 752 3488 941 3550; x_wconf 86' lang='lat' dir='ltr'>discrimen</span> <span class='ocrx_word' id='word_1_218' title='bbox 964 3498 1131 3551; x_wconf 92' lang='lat' dir='ltr'>vocatum</span> <span class='ocrx_word' id='word_1_219' title='bbox 1156 3498 1220 3568; x_wconf 92' lang='lat' dir='ltr'>est,</span> <span class='ocrx_word' id='word_1_220' title='bbox 1245 3490 1290 3550; x_wconf 91' lang='lat' dir='ltr'>ad</span> <span class='ocrx_word' id='word_1_221' title='bbox 1314 3489 1458 3551; x_wconf 91' lang='lat' dir='ltr'>inritum</span> <span class='ocrx_word' id='word_1_222' title='bbox 1481 3490 1628 3553; x_wconf 86' lang='lat' dir='ltr'>redacta</span> <span class='ocrx_word' id='word_1_223' title='bbox 1651 3499 1742 3553; x_wconf 91' lang='lat' dir='ltr'>sunt.</span> 
     </span>
    </p>

    <p class='ocr_par' dir='ltr' id='par_1_4' title="bbox 156 3625 1858 4520">
     <span class='ocr_line' id='line_1_23' title="bbox 254 3625 1858 3709; baseline 0.001 -22"><span class='ocrx_word' id='word_1_224' title='bbox 254 3625 323 3687; x_wconf 85' lang='lat' dir='ltr'>Vix</span> <span class='ocrx_word' id='word_1_225' title='bbox 340 3645 425 3688; x_wconf 92' lang='lat' dir='ltr'>vero</span> <span class='ocrx_word' id='word_1_226' title='bbox 448 3629 538 3688; x_wconf 92' lang='lat' dir='ltr'>haec</span> <span class='ocrx_word' id='word_1_227' title='bbox 554 3626 666 3708; x_wconf 92' lang='lat' dir='ltr'>pestis</span> <span class='ocrx_word' id='word_1_228' title='bbox 690 3627 898 3689; x_wconf 90' lang='lat' dir='ltr'>fortitudine</span> <span class='ocrx_word' id='word_1_229' title='bbox 915 3627 1095 3690; x_wconf 85' lang='lat' dir='ltr'>exercitus</span> <span class='ocrx_word' id='word_1_230' title='bbox 1110 3626 1257 3691; x_wconf 92' lang='lat' dir='ltr'>victoris</span> <span class='ocrx_word' id='word_1_231' title='bbox 1281 3627 1469 3709; x_wconf 87' lang='lat' dir='ltr'>exstincta,</span> <span class='ocrx_word' id='word_1_232' title='bbox 1493 3637 1682 3709; x_wconf 87' lang='lat' dir='ltr'>terraeque</span> <span class='ocrx_word' id='word_1_233' title='bbox 1705 3636 1858 3709; x_wconf 90' lang='lat' dir='ltr'>pacatae</span> 
     </span>
     <span class='ocr_line' id='line_1_24' title="bbox 158 3764 1858 3848; baseline 0.006 -31"><span class='ocrx_word' id='word_1_234' title='bbox 158 3772 238 3844; x_wconf 86' lang='lat' dir='ltr'>erant,</span> <span class='ocrx_word' id='word_1_235' title='bbox 259 3783 337 3826; x_wconf 90' lang='lat' dir='ltr'>cum</span> <span class='ocrx_word' id='word_1_236' title='bbox 361 3765 494 3828; x_wconf 90' lang='lat' dir='ltr'>ordinis</span> <span class='ocrx_word' id='word_1_237' title='bbox 517 3765 729 3828; x_wconf 91' lang='lat' dir='ltr'>instauratio</span> <span class='ocrx_word' id='word_1_238' title='bbox 754 3766 870 3827; x_wconf 90' lang='lat' dir='ltr'>denuo</span> <span class='ocrx_word' id='word_1_239' title='bbox 894 3764 969 3828; x_wconf 87' lang='lat' dir='ltr'>fieri</span> <span class='ocrx_word' id='word_1_240' title='bbox 993 3775 1123 3848; x_wconf 91' lang='lat' dir='ltr'>coepta</span> <span class='ocrx_word' id='word_1_241' title='bbox 1146 3776 1211 3828; x_wconf 90' lang='lat' dir='ltr'>est.</span> <span class='ocrx_word' id='word_1_242' title='bbox 1257 3766 1412 3828; x_wconf 89' lang='lat' dir='ltr'>Thomas</span> <span class='ocrx_word' id='word_1_243' title='bbox 1440 3768 1554 3828; x_wconf 90' lang='lat' dir='ltr'>abbas</span> <span class='ocrx_word' id='word_1_244' title='bbox 1582 3764 1858 3828; x_wconf 82' lang='lat' dir='ltr'>Cremifanensis</span> 
     </span>
     <span class='ocr_line' id='line_1_25' title="bbox 157 3902 1857 3985; baseline 0.004 -27"><span class='ocrx_word' id='word_1_245' title='bbox 157 3902 336 3964; x_wconf 88' lang='lat' dir='ltr'>monasteria</span> <span class='ocrx_word' id='word_1_246' title='bbox 359 3903 490 3965; x_wconf 89' lang='lat' dir='ltr'>artiore</span> <span class='ocrx_word' id='word_1_247' title='bbox 513 3904 656 3966; x_wconf 91' lang='lat' dir='ltr'>vinculo</span> <span class='ocrx_word' id='word_1_248' title='bbox 683 3904 775 3966; x_wconf 90' lang='lat' dir='ltr'>inter</span> <span class='ocrx_word' id='word_1_249' title='bbox 798 3923 836 3966; x_wconf 93' lang='lat' dir='ltr'>se</span> <span class='ocrx_word' id='word_1_250' title='bbox 861 3903 1112 3966; x_wconf 91' lang='lat' dir='ltr'>coniuncturus</span> <span class='ocrx_word' id='word_1_251' title='bbox 1143 3924 1222 3967; x_wconf 92' lang='lat' dir='ltr'>cum</span> <span class='ocrx_word' id='word_1_252' title='bbox 1253 3923 1374 3966; x_wconf 92' lang='lat' dir='ltr'>eorum</span> <span class='ocrx_word' id='word_1_253' title='bbox 1407 3904 1598 3966; x_wconf 88' lang='lat' dir='ltr'>abbatibus</span> <span class='ocrx_word' id='word_1_254' title='bbox 1626 3907 1704 3966; x_wconf 84' lang='lat'>1852</span> <span class='ocrx_word' id='word_1_255' title='bbox 1737 3904 1857 3985; x_wconf 86' lang='lat' dir='ltr'>legum</span> 
     </span>
     <span class='ocr_line' id='line_1_26' title="bbox 156 4035 1855 4123; baseline 0.003 -26"><span class='ocrx_word' id='word_1_256' title='bbox 156 4035 427 4103; x_wconf 79' lang='lat' dir='ltr'>adumbrationem</span> <span class='ocrx_word' id='word_1_257' title='bbox 460 4042 749 4121; x_wconf 90' lang='lat' dir='ltr'>communicavit,</span> <span class='ocrx_word' id='word_1_258' title='bbox 786 4063 934 4123; x_wconf 90' lang='lat' dir='ltr'>quarum</span> <span class='ocrx_word' id='word_1_259' title='bbox 965 4062 1101 4104; x_wconf 91' lang='lat' dir='ltr'>summa</span> <span class='ocrx_word' id='word_1_260' title='bbox 1132 4051 1222 4122; x_wconf 92' lang='lat' dir='ltr'>erat,</span> <span class='ocrx_word' id='word_1_261' title='bbox 1258 4052 1296 4104; x_wconf 91' lang='lat' dir='ltr'>ut</span> <span class='ocrx_word' id='word_1_262' title='bbox 1327 4041 1580 4104; x_wconf 92' lang='lat' dir='ltr'>monasterium</span> <span class='ocrx_word' id='word_1_263' title='bbox 1611 4042 1778 4122; x_wconf 91' lang='lat' dir='ltr'>quodque</span> <span class='ocrx_word' id='word_1_264' title='bbox 1810 4043 1855 4102; x_wconf 92' lang='lat' dir='ltr'>ab</span> 
     </span>
     <span class='ocr_line' id='line_1_27' title="bbox 156 4172 1856 4263; baseline 0.002 -26"><span class='ocrx_word' id='word_1_265' title='bbox 156 4172 256 4239; x_wconf 74' lang='lat' dir='ltr'>abbate</span> <span class='ocrx_word' id='word_1_266' title='bbox 276 4179 387 4241; x_wconf 92' lang='lat' dir='ltr'>libere</span> <span class='ocrx_word' id='word_1_267' title='bbox 412 4180 527 4242; x_wconf 92' lang='lat' dir='ltr'>electo</span> <span class='ocrx_word' id='word_1_268' title='bbox 550 4189 745 4263; x_wconf 88' lang='lat' dir='ltr'>regeretur,</span> <span class='ocrx_word' id='word_1_269' title='bbox 770 4180 887 4242; x_wconf 91' lang='lat' dir='ltr'>omnia</span> <span class='ocrx_word' id='word_1_270' title='bbox 909 4200 995 4243; x_wconf 91' lang='lat' dir='ltr'>vero</span> <span class='ocrx_word' id='word_1_271' title='bbox 1019 4181 1234 4247; x_wconf 87' lang='lat' dir='ltr'>monasteria</span> <span class='ocrx_word' id='word_1_272' title='bbox 1251 4182 1567 4262; x_wconf 89' lang='lat' dir='ltr'>congregationem</span> <span class='ocrx_word' id='word_1_273' title='bbox 1591 4180 1728 4261; x_wconf 91' lang='lat' dir='ltr'>inirent,</span> <span class='ocrx_word' id='word_1_274' title='bbox 1754 4180 1856 4261; x_wconf 90' lang='lat' dir='ltr'>eique</span> 
     </span>
     <span class='ocr_line' id='line_1_28' title="bbox 157 4318 1853 4401; baseline 0.005 -29"><span class='ocrx_word' id='word_1_275' title='bbox 157 4327 269 4386; x_wconf 86' lang='lat' dir='ltr'>praeses</span> <span class='ocrx_word' id='word_1_276' title='bbox 291 4329 329 4399; x_wconf 86' lang='lat' dir='ltr'>et</span> <span class='ocrx_word' id='word_1_277' title='bbox 352 4319 423 4380; x_wconf 92' lang='lat' dir='ltr'>duo</span> <span class='ocrx_word' id='word_1_278' title='bbox 447 4319 598 4380; x_wconf 92' lang='lat' dir='ltr'>abbates</span> <span class='ocrx_word' id='word_1_279' title='bbox 621 4318 656 4380; x_wconf 90' lang='lat' dir='ltr'>in</span> <span class='ocrx_word' id='word_1_280' title='bbox 680 4318 832 4381; x_wconf 92' lang='lat' dir='ltr'>comitiis</span> <span class='ocrx_word' id='word_1_281' title='bbox 856 4319 1085 4401; x_wconf 87' lang='lat' dir='ltr'>generalibus</span> <span class='ocrx_word' id='word_1_282' title='bbox 1108 4319 1213 4381; x_wconf 87' lang='lat' dir='ltr'>electi</span> <span class='ocrx_word' id='word_1_283' title='bbox 1237 4330 1457 4401; x_wconf 87' lang='lat' dir='ltr'>praeessent.</span> <span class='ocrx_word' id='word_1_284' title='bbox 1502 4320 1550 4382; x_wconf 93' lang='lat' dir='ltr'>Hi</span> <span class='ocrx_word' id='word_1_285' title='bbox 1578 4321 1684 4382; x_wconf 92' lang='lat' dir='ltr'>tertio</span> <span class='ocrx_word' id='word_1_286' title='bbox 1713 4339 1853 4400; x_wconf 92' lang='lat' dir='ltr'>quoque</span> 
     </span>
     <span class='ocr_line' id='line_1_29' title="bbox 157 4456 817 4520; baseline 0.023 -16"><span class='ocrx_word' id='word_1_287' title='bbox 157 4463 224 4513; x_wconf 82' lang='lat' dir='ltr'>anno</span> <span class='ocrx_word' id='word_1_288' title='bbox 243 4456 356 4518; x_wconf 89' lang='lat' dir='ltr'>omnia</span> <span class='ocrx_word' id='word_1_289' title='bbox 378 4456 595 4517; x_wconf 91' lang='lat' dir='ltr'>monasteria</span> <span class='ocrx_word' id='word_1_290' title='bbox 618 4456 817 4520; x_wconf 90' lang='lat' dir='ltr'>visitarent.</span> 
     </span>
    </p>

    <p class='ocr_par' dir='ltr' id='par_1_5' title="bbox 256 4592 1856 4677">
     <span class='ocr_line' id='line_1_30' title="bbox 256 4592 1856 4677; baseline 0.001 -21"><span class='ocrx_word' id='word_1_291' title='bbox 256 4592 423 4657; x_wconf 89' lang='lat' dir='ltr'>Similiter</span> <span class='ocrx_word' id='word_1_292' title='bbox 443 4593 603 4675; x_wconf 89' lang='lat' dir='ltr'>episcopi</span> <span class='ocrx_word' id='word_1_293' title='bbox 621 4595 1027 4677; x_wconf 83' lang='lat' dir='ltr'>Austriaco-Hungarici</span> <span class='ocrx_word' id='word_1_294' title='bbox 1054 4598 1134 4674; x_wconf 79' lang='lat'>1849</span> <span class='ocrx_word' id='word_1_295' title='bbox 1158 4606 1194 4659; x_wconf 92' lang='lat' dir='ltr'>et</span> <span class='ocrx_word' id='word_1_296' title='bbox 1215 4600 1296 4659; x_wconf 83' lang='lat'>1850</span> <span class='ocrx_word' id='word_1_297' title='bbox 1311 4597 1548 4659; x_wconf 91' lang='lat' dir='ltr'>Vindobonae</span> <span class='ocrx_word' id='word_1_298' title='bbox 1573 4606 1608 4660; x_wconf 90' lang='lat' dir='ltr'>et</span> <span class='ocrx_word' id='word_1_299' title='bbox 1632 4594 1751 4659; x_wconf 88' lang='lat' dir='ltr'>Grazii</span> <span class='ocrx_word' id='word_1_300' title='bbox 1774 4616 1856 4658; x_wconf 92' lang='lat' dir='ltr'>con-</span> 
     </span>
    </p>
   </div>
   <div class='ocr_carea' id='block_1_3' title="bbox 159 4732 1857 4808">
    <p class='ocr_par' dir='ltr' id='par_1_6' title="bbox 159 4732 1857 4808">
     <span class='ocr_line' id='line_1_31' title="bbox 159 4732 1857 4808; baseline 0.004 -17"><span class='ocrx_word' id='word_1_301' title='bbox 159 4733 265 4808; x_wconf 74' lang='lat' dir='ltr'>negati</span> <span class='ocrx_word' id='word_1_302' title='bbox 294 4742 333 4795; x_wconf 92' lang='lat' dir='ltr'>ut</span> <span class='ocrx_word' id='word_1_303' title='bbox 364 4732 481 4795; x_wconf 91' lang='lat' dir='ltr'>omnia</span> <span class='ocrx_word' id='word_1_304' title='bbox 512 4733 727 4795; x_wconf 90' lang='lat' dir='ltr'>monasteria</span> <span class='ocrx_word' id='word_1_305' title='bbox 758 4732 807 4795; x_wconf 88' lang='lat' dir='ltr'>ita</span> <span class='ocrx_word' id='word_1_306' title='bbox 838 4733 1093 4796; x_wconf 90' lang='lat' dir='ltr'>Benedictinos</span> <span class='ocrx_word' id='word_1_307' title='bbox 1129 4735 1164 4796; x_wconf 90' lang='lat' dir='ltr'>in</span> <span class='ocrx_word' id='word_1_308' title='bbox 1200 4733 1324 4796; x_wconf 92' lang='lat' dir='ltr'>melius</span> <span class='ocrx_word' id='word_1_309' title='bbox 1360 4734 1576 4797; x_wconf 88' lang='lat' dir='ltr'>constituere</span> <span class='ocrx_word' id='word_1_310' title='bbox 1610 4736 1857 4799; x_wconf 87' lang='lat' dir='ltr'>decreverunt.</span> 
     </span>
    </p>
   </div>
   <div class='ocr_carea' id='block_1_4' title="bbox 159 4855 1948 4961">
    <p class='ocr_par' dir='ltr' id='par_1_7' title="bbox 159 4855 1948 4961">
     <span class='ocr_line' id='line_1_32' title="bbox 159 4855 1948 4961; baseline 0.007 -35"><span class='ocrx_word' id='word_1_311' title='bbox 159 4855 234 4936; x_wconf 79' lang='lat' dir='ltr'>Quod</span> <span class='ocrx_word' id='word_1_312' title='bbox 254 4889 328 4931; x_wconf 92' lang='lat' dir='ltr'>cum</span> <span class='ocrx_word' id='word_1_313' title='bbox 353 4870 515 4951; x_wconf 89' lang='lat' dir='ltr'>placeret</span> <span class='ocrx_word' id='word_1_314' title='bbox 538 4868 684 4961; x_wconf 80' lang='lat' dir='ltr'>Summo</span> <span class='ocrx_word' id='word_1_315' title='bbox 706 4868 882 4949; x_wconf 86' lang='lat' dir='ltr'>Pontifici,</span> <span class='ocrx_word' id='word_1_316' title='bbox 908 4869 1097 4932; x_wconf 89' lang='lat' dir='ltr'>cardinalis</span> <span class='ocrx_word' id='word_1_317' title='bbox 1122 4870 1335 4953; x_wconf 79' lang='lat' dir='ltr'>FridericuS,</span> <span class='ocrx_word' id='word_1_318' title='bbox 1364 4872 1531 4954; x_wconf 90' lang='lat' dir='ltr'>princeps</span> <span class='ocrx_word' id='word_1_319' title='bbox 1560 4872 1605 4933; x_wconf 90' lang='lat' dir='ltr'>de</span> <span class='ocrx_word' id='word_1_320' title='bbox 1629 4870 1856 4935; x_wconf 90' lang='lat' dir='ltr'>Schwarzen-</span> <span class='ocrx_word' id='word_1_321' title='bbox 1944 4933 1948 4939; x_wconf 91' lang='lat'>.</span> 
     </span>
    </p>
   </div>
   <div class='ocr_carea' id='block_1_5' title="bbox 158 4993 1857 5366">
    <p class='ocr_par' dir='ltr' id='par_1_8' title="bbox 158 4993 1857 5366">
     <span class='ocr_line' id='line_1_33' title="bbox 159 4993 1856 5090; baseline 0.004 -23"><span class='ocrx_word' id='word_1_322' title='bbox 159 4993 234 5084; x_wconf 60' lang='lat' dir='ltr'>berg,</span> <span class='ocrx_word' id='word_1_323' title='bbox 261 5007 422 5070; x_wconf 92' lang='lat' dir='ltr'>visitator</span> <span class='ocrx_word' id='word_1_324' title='bbox 452 5007 630 5089; x_wconf 84' lang='lat' dir='ltr'>generalis</span> <span class='ocrx_word' id='word_1_325' title='bbox 662 5017 725 5071; x_wconf 81' lang='lat' dir='ltr'>est</span> <span class='ocrx_word' id='word_1_326' title='bbox 747 5006 873 5070; x_wconf 89' lang='lat' dir='ltr'>factus.</span> <span class='ocrx_word' id='word_1_327' title='bbox 920 5007 956 5069; x_wconf 95' lang='lat' dir='ltr'>Is</span> <span class='ocrx_word' id='word_1_328' title='bbox 987 5009 1033 5069; x_wconf 94' lang='lat' dir='ltr'>ad</span> <span class='ocrx_word' id='word_1_329' title='bbox 1065 5009 1265 5090; x_wconf 90' lang='lat' dir='ltr'>complures</span> <span class='ocrx_word' id='word_1_330' title='bbox 1298 5009 1489 5090; x_wconf 90' lang='lat' dir='ltr'>episcopos</span> <span class='ocrx_word' id='word_1_331' title='bbox 1520 5009 1731 5073; x_wconf 88' lang='lat' dir='ltr'>Austriacos</span> <span class='ocrx_word' id='word_1_332' title='bbox 1762 5010 1856 5073; x_wconf 90' lang='lat' dir='ltr'>idem</span> 
     </span>
     <span class='ocr_line' id='line_1_34' title="bbox 159 5145 1856 5228; baseline 0.008 -31"><span class='ocrx_word' id='word_1_333' title='bbox 159 5151 252 5204; x_wconf 86' lang='lat' dir='ltr'>munus</span> <span class='ocrx_word' id='word_1_334' title='bbox 280 5145 406 5208; x_wconf 92' lang='lat' dir='ltr'>detulit</span> <span class='ocrx_word' id='word_1_335' title='bbox 439 5145 690 5228; x_wconf 84' lang='lat'>(1856-1858).</span> <span class='ocrx_word' id='word_1_336' title='bbox 728 5146 855 5226; x_wconf 90' lang='lat' dir='ltr'>Itaque</span> <span class='ocrx_word' id='word_1_337' title='bbox 886 5146 1119 5228; x_wconf 87' lang='lat' dir='ltr'>congregatio</span> <span class='ocrx_word' id='word_1_338' title='bbox 1148 5147 1340 5209; x_wconf 91' lang='lat' dir='ltr'>Austriaca</span> <span class='ocrx_word' id='word_1_339' title='bbox 1370 5156 1448 5209; x_wconf 90' lang='lat' dir='ltr'>orta</span> <span class='ocrx_word' id='word_1_340' title='bbox 1480 5157 1552 5228; x_wconf 91' lang='lat' dir='ltr'>est,</span> <span class='ocrx_word' id='word_1_341' title='bbox 1584 5148 1683 5210; x_wconf 90' lang='lat' dir='ltr'>cuius</span> <span class='ocrx_word' id='word_1_342' title='bbox 1714 5150 1856 5211; x_wconf 91' lang='lat' dir='ltr'>sodales</span> 
     </span>
     <span class='ocr_line' id='line_1_35' title="bbox 158 5282 1857 5366; baseline 0.005 -26"><span class='ocrx_word' id='word_1_343' title='bbox 158 5283 285 5344; x_wconf 82' lang='lat' dir='ltr'>monachi</span> <span class='ocrx_word' id='word_1_344' title='bbox 307 5282 602 5365; x_wconf 84' lang='lat' dir='ltr'>Salisburgenses</span> <span class='ocrx_word' id='word_1_345' title='bbox 625 5295 662 5346; x_wconf 90' lang='lat' dir='ltr'>et</span> <span class='ocrx_word' id='word_1_346' title='bbox 684 5283 946 5346; x_wconf 91' lang='lat' dir='ltr'>Lambacenses</span> <span class='ocrx_word' id='word_1_347' title='bbox 970 5293 1081 5346; x_wconf 91' lang='lat' dir='ltr'>erant.</span> <span class='ocrx_word' id='word_1_348' title='bbox 1119 5284 1276 5365; x_wconf 90' lang='lat' dir='ltr'>Reliqua</span> <span class='ocrx_word' id='word_1_349' title='bbox 1299 5303 1440 5366; x_wconf 90' lang='lat' dir='ltr'>quoque</span> <span class='ocrx_word' id='word_1_350' title='bbox 1464 5286 1689 5366; x_wconf 91' lang='lat' dir='ltr'>monasteria,</span> <span class='ocrx_word' id='word_1_351' title='bbox 1712 5295 1751 5348; x_wconf 92' lang='lat' dir='ltr'>ut</span> <span class='ocrx_word' id='word_1_352' title='bbox 1774 5305 1857 5348; x_wconf 92' lang='lat' dir='ltr'>con-</span> 
     </span>
    </p>
   </div>
   <div class='ocr_carea' id='block_1_6' title="bbox 157 5416 1856 5591">
    <p class='ocr_par' dir='ltr' id='par_1_9' title="bbox 157 5416 1856 5591">
     <span class='ocr_line' id='line_1_36' title="bbox 157 5416 1856 5506; baseline 0.005 -30"><span class='ocrx_word' id='word_1_353' title='bbox 157 5416 350 5503; x_wconf 77' lang='lat' dir='ltr'>sociarentur,</span> <span class='ocrx_word' id='word_1_354' title='bbox 374 5423 609 5504; x_wconf 88' lang='lat' dir='ltr'>expetebant,</span> <span class='ocrx_word' id='word_1_355' title='bbox 638 5421 779 5503; x_wconf 88' lang='lat' dir='ltr'>iamque</span> <span class='ocrx_word' id='word_1_356' title='bbox 803 5422 1006 5485; x_wconf 89' lang='lat' dir='ltr'>Ludovicus</span> <span class='ocrx_word' id='word_1_357' title='bbox 1035 5425 1148 5485; x_wconf 91' lang='lat' dir='ltr'>abbas</span> <span class='ocrx_word' id='word_1_358' title='bbox 1173 5422 1499 5506; x_wconf 89' lang='lat' dir='ltr'>Seitenstettensis,</span> <span class='ocrx_word' id='word_1_359' title='bbox 1533 5432 1572 5486; x_wconf 93' lang='lat' dir='ltr'>ut</span> <span class='ocrx_word' id='word_1_360' title='bbox 1604 5443 1724 5486; x_wconf 89' lang='lat' dir='ltr'>eorum</span> <span class='ocrx_word' id='word_1_361' title='bbox 1754 5426 1856 5506; x_wconf 87' lang='lat' dir='ltr'>leges</span> 
     </span>
     <span class='ocr_line' id='line_1_37' title="bbox 1616 5544 1632 5591; baseline 0 0"><span class='ocrx_word' id='word_1_362' title='bbox 1616 5544 1632 5591; x_wconf 76' lang='lat' dir='ltr'>s</span> 
     </span>
    </p>
   </div>
   <div class='ocr_carea' id='block_1_7' title="bbox 0 0 2048 6261">
    <p class='ocr_par' dir='ltr' id='par_1_10' title="bbox 0 0 2048 6261">
     <span class='ocr_line' id='line_1_38' title="bbox 0 0 2048 6261; baseline 0 0"><span class='ocrx_word' id='word_1_363' title='bbox 0 0 2048 6261; x_wconf 95' lang='lat' dir='ltr'> </span> 
     </span>
    </p>
   </div>
  </div>
 </body>
</html>
