4034 6262
147 100 284 184 dicitur,
307 98 477 182 puerulus
492 100 608 161 adhuc
623 97 775 161 traditus
792 105 847 159 est
866 96 901 159 in
923 96 974 158 di·

150 221 334 304 sciplinam
351 219 453 283 fratri
468 228 554 283 natu
569 220 703 301 maiori,
724 219 884 303 quitum,
905 218 974 281 Be-

147 343 310 408 nedictus
325 343 476 425 nomine,
497 343 533 406 in
553 342 769 407 monasterio
784 343 830 405 ad
847 339 975 406 Scotos

143 466 305 530 Viennae
323 464 467 549 ingenio
483 473 520 528 et
535 464 707 528 industria
722 465 896 529 elucebat.
914 464 974 526 Ab
1007 454 1012 465 ’

145 608 187 651 eo
203 608 273 652 non
294 588 407 652 solum
423 586 571 650 Latinas
588 585 817 669 Graecasque
837 587 974 649 litteras

144 721 288 774 strenue
305 711 464 789 edoctus,
489 708 669 772 severiora
691 708 798 771 etiam
819 708 974 790 philoso·
1013 686 1016 771 1

145 833 251 916 phiae
274 841 470 913 praecepta
494 830 656 913 percepit
680 840 753 893 tam
778 830 873 893 felici
894 850 974 893 cum

145 954 319 1036 profectu,
336 963 375 1016 ut
388 962 518 1034 essent,
532 953 590 1035 qui
603 955 649 1015 ad
662 953 840 1034 publicam
854 953 974 1034 dispu-

144 1076 315 1139 tationem
332 1076 634 1139 adolescentulum
651 1052 851 1146 incitarent;
870 1095 974 1157 quam

145 1198 203 1261 ille
220 1217 290 1261 non
306 1200 410 1260 modo
427 1217 497 1260 non
510 1186 702 1278 abhorruit,
720 1199 794 1279 sed,
812 1216 882 1279 quo
899 1206 975 1261 erat

146 1319 252 1382 animi
268 1320 393 1401 vigore
416 1331 451 1381 et
472 1319 604 1402 ingenii
627 1319 820 1400 alacritate,
845 1337 975 1401 magno

147 1462 225 1505 cum
250 1430 426 1524 ap'plausu
449 1441 610 1504 instituit.
635 1441 710 1504 Iam
736 1461 805 1522 quo
831 1440 976 1503 liberius

147 1564 252 1627 saluti
274 1583 359 1626 suae
380 1563 585 1645 prospicere
607 1572 643 1625 et
664 1564 717 1661 ad,
731 1563 903 1625 bonarum
923 1581 977 1623 ar·

147 1686 233 1749 tium
247 1685 402 1748 studium
415 1684 619 1747 incumbere
632 1695 765 1766 posset,
779 1693 976 1766 praeterea,

148 1827 218 1890 quo
242 1807 373 1870 arctius
402 1827 481 1870 eum
506 1806 636 1869 dilecto
662 1806 770 1868 fratre
797 1805 917 1868 vivere
942 1814 978 1867 et

149 1930 351 1993 conversari
366 1929 499 2008 liceret,
521 1929 555 1991 in
572 1929 730 1992 ordinem
747 1950 773 1991 s.
792 1927 977 1991 Benedicti

148 2054 194 2114 ad
215 2050 343 2115 Scotos
366 2051 498 2132 suscipi
522 2051 640 2131 petiit,
664 2051 809 2132 votique
833 2068 978 2131 compos

147 2174 265 2238 iactus
293 2174 350 2237 die
379 2179 428 2238 28.
446 2173 525 2238 Oct.
552 2177 631 2253 1778
657 2194 684 2237 s,
707 2183 808 2236 veste
835 2173 978 2236 indutus

150 2306 215 2360 est.
239 2295 377 2358 Exacto
393 2295 615 2377 probationis
632 2315 734 2376 anno,
756 2296 911 2358 studium
928 2295 979 2356 di·

152 2418 379 2500 sciplinarum
397 2437 423 2480 5.
441 2418 653 2500 theologiae,
678 2437 769 2500 quae
794 2438 837 2480 ea
860 2428 978 2480 aetate

153 2541 247 2602 domi
263 2542 496 2603 tradebantur
512 2540 648 2603 clericis
665 2540 909 2621 Scotensibus,
925 2560 979 2602 ar·

125 2729 127 2734 ,
150 2661 356 2725 dentissime
374 2663 570 2743 amplexus,
592 2663 687 2743 quod
704 2662 877 2744 reliquum
893 2675 980 2725 tem·

150 2783 247 2866 poris
271 2785 434 2864 vacabat,
459 2782 495 2845 id
519 2802 621 2846 omne
645 2784 804 2847 classicis
825 2783 981 2847 Graeco·

149 2926 226 2968 rum
254 2917 290 2967 et
313 2905 556 2968 Romanorum
581 2907 784 2969 auctoribus
810 2916 860 2987 et,
886 2907 980 2987 quod

151 3037 226 3091 tum
242 3028 422 3111 singulare
439 3027 562 3109 visum,
580 3029 819 3091 addiscendae
836 3028 980 3111 linguae

151 3150 181 3213 F
183 3150 467 3233 tanco-gallicae
495 3151 685 3214 tribuebat.
722 3150 777 3213 Ita
800 3151 911 3212 multa
939 3169 981 3212 ac

151 3273 265 3336 solida
287 3272 447 3335 doctrina
471 3272 637 3353 imbutus,
662 3292 741 3335 eum
764 3272 821 3334 die
840 3274 890 3334 25.
907 3270 980 3333 Ian.

155 3399 234 3475 1783
253 3394 391 3458 emissis
405 3394 566 3457 sollemni
581 3395 651 3457 ritu
663 3394 757 3457 votis
771 3394 854 3456 divo
868 3393 983 3455 Bene-

152 3518 249 3581 dieto
270 3518 304 3580 in
327 3537 465 3580 omnem
487 3517 596 3579 vitam
623 3536 701 3579 sese
727 3525 982 3595 consecrasset,

152 3640 210 3703 die
224 3645 253 3703 5.
267 3638 345 3703 001.
361 3640 520 3703 eiusdem
533 3639 615 3702 anni
628 3647 815 3721 neomysta
827 3640 874 3701 ad
887 3658 983 3700 aram

152 3762 261 3825 stetit.
280 3760 410 3825 Statim
423 3773 571 3845 propter
583 3780 748 3842 magnam
766 3759 917 3822 docendi
933 3758 984 3821 fa·

153 3883 324 3947 cilitatem
355 3884 542 3946 catecheta
574 3883 608 3945 in
639 3883 760 3945 schola
792 3881 984 3964 parochiae

153 4005 353 4068 claustralis
366 4005 590 4084 constitutus,
600 4006 667 4067 hoc
679 4004 715 4066 in
727 4022 871 4067 munere
885 4022 986 4085 egre·

153 4126 249 4209 giam
277 4145 422 4207 operam
455 4145 519 4207 per
547 4126 755 4188 decennium
788 4123 986 4203 collocavit,

154 4247 364 4310 commercio
387 4257 573 4329 praeterea
596 4247 767 4309 litterario
792 4265 871 4308 cum
895 4245 988 4308 illius

155 4368 235 4432 aevi
250 4368 498 4431 eruditissimis
511 4369 595 4431 viris
608 4367 826 4448 coniunctus,
841 4387 988 4449 quorum

154 4491 301 4552 hortatu
326 4499 362 4552 et
384 4492 549 4572 exemplo
570 4489 668 4572 typis
688 4490 895 4570 impressam
917 4489 989 4552 edi·

159 4611 211 4672 dit
228 4609 413 4673 historiam
426 4611 707 4674 eeclesiasticam
715 4612 989 4673 Bonaventurae

155 4729 312 4810 Racine,
336 4750 441 4811 quam
462 4752 506 4793 ex
524 4732 693 4794 idiomate
709 4732 736 4793 F
740 4732 990 4814 rauco-gallico

161 4851 197 4911 in
220 4847 468 4914 Germanicum
489 4852 681 4915 transtulit.
710 4852 815 4915 Anno
842 4858 920 4932 1793
946 4857 990 4916 ad

1054 100 1271 182 suburbium,
1289 100 1349 183 qui
1368 99 1527 181 Campus
1543 97 1727 163 Scotorum
1742 100 1876 178 dicitur,

1055 233 1267 304 cooperator
1287 222 1417 287 missus
1440 223 1592 285 verbum
1614 221 1682 285 Dei
1704 221 1878 289 ferventer

1055 344 1287 426 praedicarit.
1319 345 1406 408 Inde
1433 355 1626 408 revocatus
1652 343 1688 407 in
1707 357 1879 410 monaste·

1055 465 1153 545 rium,
1163 466 1306 529 biennio
1318 475 1401 549 post
1412 465 1449 530 in
1458 466 1632 549 oppidum
1642 459 1886 531 Gaunersdorf

1055 588 1153 650 abire
1170 588 1296 670 iussus,
1312 608 1396 652 mox
1409 588 1603 670 parochiae
1615 587 1886 670 praefectusest

1055 710 1089 772 in
1102 710 1382 773 Hoebersbrunn
1396 713 1584 792 (1801-5),
1603 709 1684 773 dein
1695 710 1810 774 vicinae
1829 708 1886 771 in

1055 830 1295 913 Martinsdorf,
1313 852 1419 914 quam
1432 833 1516 894 dum
1529 831 1795 914 administrabat,
1805 833 1886 894 do·

1054 974 1147 1016 mum
1175 965 1211 1016 et
1238 953 1306 1017 Dei
1338 965 1373 1016 et
1401 973 1501 1017 suam
1529 964 1566 1016 et
1594 953 1886 1036 parochianorum

1054 1086 1149 1139 tecta
1176 1076 1341 1158 vitasque
1368 1078 1415 1138 ab
1441 1075 1597 1140 hostium
1624 1075 1738 1139 furore
1767 1076 1886 1139 tuitus

1055 1208 1119 1262 est.
1155 1199 1260 1260 Anno
1292 1204 1370 1278 1807
1400 1219 1508 1280 quum
1538 1218 1566 1261 c.
1595 1220 1623 1263 r.
1650 1199 1885 1282 gymnasium

1056 1319 1138 1382 olim
1157 1321 1344 1383 Musaeum
1365 1320 1498 1384 dictum
1515 1320 1608 1383 curis
1625 1317 1797 1384 Scotorum
1810 1320 1886 1382 de·

1057 1443 1262 1506 mandatum
1285 1453 1321 1506 et
1344 1442 1550 1524 praefectus
1575 1442 1646 1504 iam
1669 1440 1885 1524 designatus

1056 1564 1096 1626 P.
1125 1566 1291 1627 Andreas
1316 1564 1483 1645 Wenzel,
1511 1563 1652 1626 interim
1678 1564 1782 1625 abbas
1802 1583 1886 1627 mo

1057 1686 1202 1748 nasterii
1228 1686 1363 1749 electus
1386 1694 1497 1766 esset,
1517 1687 1615 1748 haud
1635 1685 1770 1748 dubium
1790 1700 1886 1767 erat,

1058 1808 1196 1871 cuinam
1217 1827 1343 1871 munus
1367 1807 1575 1872 deferretur.
1604 1808 1728 1890 Itaque
1750 1807 1883 1875 accitus

1059 1950 1078 1993 e
1095 1931 1248 1993 statione
1264 1930 1370 1992 rurali
1387 1929 1427 1993 P.
1441 1929 1650 1991 Meinradus
1666 1929 1802 1991 libenter
1820 1951 1875 1995 su·

1058 2052 1173 2135 scepit
1198 2050 1476 2133 praefecturam,
1505 2071 1612 2132 quam
1645 2050 1773 2114 nonnisi
1794 2071 1867 2114 curn

1058 2175 1134 2238 vita
1161 2173 1335 2255 deposuit.
1372 2172 1440 2235 Hic
1465 2192 1573 2254 quam
1595 2173 1706 2237 multa
1727 2182 1758 2236 et
1776 2192 1862 2255 prae-

1060 2297 1154 2360 clara
1174 2296 1342 2378 gesserit,
1364 2294 1457 2357 mille
1480 2303 1595 2357 testes
1612 2294 1768 2373 existunt,
1785 2311 1857 2375 quos

1059 2438 1188 2500 pueros
1212 2417 1288 2480 sine
1313 2437 1392 2499 spe,
1417 2417 1493 2479 sine
1514 2416 1646 2498 opibus
1665 2436 1755 2479 suam
1771 2416 1853 2477 intu-

1059 2543 1166 2605 telam
1188 2541 1338 2622 recepit,
1360 2540 1610 2603 adolescentes
1628 2559 1666 2603 re
1685 2549 1719 2602 et
1738 2535 1852 2601 consilio

1060 2664 1160 2743 iuvit,
1176 2664 1272 2726 viros
1289 2663 1396 2726 etiarn
1413 2674 1449 2725 et
1465 2662 1501 2725 in
1515 2663 1662 2745 publico
1673 2679 1792 2726 munere
1799 2674 1852 2740 po·

1060 2787 1148 2848 sitos
1164 2785 1324 2867 patronis
1338 2785 1613 2848 commendavit.
1637 2786 1729 2848 Idem
1743 2800 1799 2846 011111
1809 2777 1851 2838 ab

1060 2908 1195 2991 inclyta
1207 2907 1380 2970 facultate
1392 2907 1641 2989 philosophica
1654 2897 1852 2970 universitatis

1061 3029 1274 3092 Viennensis
1296 3030 1341 3091 ad
1362 3029 1519 3092 doctoris
1541 3031 1690 3111 gradum
1709 3032 1852 3111 permotus

1067 3154 1156 3231 1809,
1179 3152 1336 3213 decanus
1353 3150 1479 3214 iterum
1496 3153 1593 3233 (1817
1612 3161 1647 3215 et
1667 3151 1749 3228 1811)
1765 3148 1852 3208 lectus

1062 3272 1197 3354 fuisset,
1226 3272 1261 3335 in
1289 3293 1418 3335 annum
1447 3274 1697 3337 scholasticum
1721 3260 1852 3334 1825-20

1062 3406 1179 3459 rector
1200 3393 1410 3479 magnificus
1431 3406 1583 3477 creatus,
1608 3415 1722 3459 curam
1738 3398 1853 3476 gymssa·

1063 3518 1193 3580 siorum
1207 3536 1271 3598 per
1284 3517 1470 3580 Austriam
1483 3517 1695 3598 inferiorem,
1706 3531 1780 3598 quae
1787 3501 1854 3571 in(ie

1065 3642 1110 3702 ab
1126 3659 1219 3702 anno
1240 3643 1321 3701 1820
1343 3639 1374 3702 ei
1397 3658 1463 3702 ceu
1484 3660 1514 3704 0.
1530 3660 1556 3702 r.
1574 3628 1854 3703 vicedirectoride*

1064 3763 1136 3824 lata
1158 3771 1244 3841 erat,
1270 3762 1360 3824 adeo
1384 3779 1461 3823 non·
1476 3760 1627 3842 remisit,
1654 3772 1691 3824 ut
1714 3758 1854 3822 librorum

1067 3883 1195 3965 quibus
1205 3883 1369 3964 discipuli
1381 3892 1576 3965 uterentur,
1585 3893 1659 3947 tum
1667 3900 1762 3947 novas
1771 3875 1854 3959 plane

1067 4005 1252 4085 editiones,
1269 4015 1343 4068 tum
1357 4023 1488 4086 eorum,
1502 4006 1562 4087 qui
1576 4006 1645 4070 iarn
1657 4006 1691 4069 in
1701 4022 1756 4067 usu
1766 3990 1852 4061 011111

1068 4126 1242 4190 editiones
1267 4127 1447 4190 indefesso
1469 4129 1589 4191 studio
1612 4141 1649 4191 et
1671 4129 1773 4191 labore
1788 4123 1850 4179 ⁰⁰¹¹·

1068 4249 1307 4312 summeverit.
1340 4248 1437 4330 Quas
1454 4249 1547 4312 inter
1566 4252 1726 4312 ardentes
1738 4244 1847 4315 occuP²'

1068 4371 1184 4433 tiones
1202 4381 1275 4434 tam
1292 4371 1480 4454 gymnasio
1498 4372 1546 4433 ad
1563 4369 1698 4453 Scotos,
1713 4380 1792 4452 quam
1805 4365 1843 4414 ⁶⁸*

1070 4493 1155 4555 teris
1175 4513 1239 4574 per
1256 4503 1365 4556 totam
1383 4495 1606 4574 provinciam
1623 4494 1697 4557 sitis
1711 4479 1839 4566 invigil³s⁶
1884 4472 1886 4477 ¹

1071 4635 1140 4677 non
1153 4616 1342 4679 desinebat
1358 4635 1500 4697 semper
1516 4635 1687 4698 praesens
1700 4588 1836 4677 tentamini·

1071 4738 1137 4798 bus
1154 4739 1297 4818 publice
1311 4737 1451 4800 habitis.
1477 4736 1536 4801 Ob
1548 4741 1639 4803 haec
1655 4736 1760 4803 merita
1770 4728 1834 4797 saepe

1073 4856 1238 4920 laudatus
1256 4879 1275 4920 a
1292 4857 1463 4940 regimine
1482 4861 1655 4924 Austriae
1675 4842 1833 4923 1010110ῐὶ51ί
