4088 6270
884 498 1168 569 ..524-

156 702 320 744 emensus
343 682 481 763 riteque
505 681 752 762 philosophiae
776 684 900 745 doctor
930 692 984 745 est
1152 690 1174 744 I.
1192 689 1375 745 Dissertatio
1392 689 1604 765 philosophica
1617 689 1656 745 de
1668 691 1768 764 spatio
1781 703 1809 744 et
1820 704 1880 746 tem·

154 815 337 887 promotus
351 803 517 866 Coloniae
536 802 674 886 &Sept
690 809 780 868 1850.
805 803 984 868 Sacerdos
1065 810 1149 868 POsC·
1167 794 1300 858 B⁰¹¹¹¹³ei
1324 791 1413 865 1848·

154 929 200 989 ab
222 926 324 988 emin·
342 927 512 988 cardinali
530 936 566 988 et
583 927 853 1008 archiepiscopo
871 928 983 989 colon·
1151 896 1188 952 11.
1206 895 1350 952 Stimmen
1367 914 1420 952 aus
1435 898 1512 952 Rom
1524 914 1585 952 von
1597 896 1657 953 den
1669 895 1879 954 Benedictmem

154 1046 288 1109 Ioanne
301 1050 345 1109 de
359 1046 500 1110 Geissel
514 1048 708 1127 ordinatus,
719 1048 884 1128 sequenti
895 1049 984 1110 nati·
1065 1019 1094 1055 m
1110 999 1155 1057 St.
1174 1001 1255 1057 Paul.
1280 997 1309 1079 (1.
1327 1020 1353 1057 e.
1370 1001 1536 1058 'Iractatus
1556 1020 1632 1058 varri
1654 1020 1672 1056 a
1694 1002 1764 1057 Ben.
1782 1003 1879 1058 Romae

1065 1105 1103 1161 ad
1130 1124 1154 1162 s.
1183 1105 1307 1161 Paulum
1335 1104 1514 1179 degentibus
1544 1103 1639 1184 editi.)
1670 1104 1879 1170 Schaiihausen

155 1292 298 1354 missam
308 1291 511 1354 celebravit.
526 1292 660 1352 Eodem
672 1301 891 1354 annorector
904 1312 985 1354 con·
1024 1236 1027 1385 i
1066 1209 1486 1370 Huniiifffissnadfflort
1502 1315 1633 1370 Beuum,
1659 1310 1689 1389 (i.
1714 1332 1740 1370 e,
1762 1315 1881 1388 Peregri-

154 1170 277 1232 vitatis
304 1171 345 1234 B.
373 1170 509 1232 Mariae
537 1169 580 1230 V.
608 1169 805 1232 festivitate
834 1171 983 1252 primam

154 1415 299 1476 stitutus
331 1413 574 1496 progymnasii
601 1414 810 1476 Iuliacensis
840 1414 984 1495 (Iiilich),
1024 1388 1027 1491 i
1066 1419 1148 1473 natio
1164 1436 1252 1473 sacra
1268 1415 1491 1495 Beuronensis.)
1507 1416 1672 1492 Freiburg,
1696 1416 1784 1489 1863.

155 1539 200 1597 ab
218 1556 310 1598 anno
332 1540 499 1613 1854—56
515 1536 697 1616 professor
713 1547 749 1597 et
766 1536 920 1598 director
939 1538 985 1597 ad
1024 1498 1027 1583 i
1153 1521 1467 1579 IV.Gertrudenbuch
1479 1522 1554 1578 oder
1563 1523 1725 1596 geistliche
1735 1521 1881 1596 Uebungen

1025 1586 1027 1660 i
1067 1626 1120 1680 der
1136 1626 1204 1681 heil.
1220 1625 1366 1701 Junglrau
1384 1626 1516 1682 Gertrud
1538 1644 1608 1682 vom
1626 1625 1733 1682 Orden
1756 1626 1807 1682 des
1827 1627 1881 1682 heil.

1067 1730 1218 1785 Benedici.
1236 1726 1266 1808 (i.
1280 1749 1306 1785 e.
1325 1729 1418 1787 Liber
1431 1750 1455 1786 s.
1466 1728 1652 1808 Gertrudis.)
1673 1728 1881 1796 Schafflrauseu,

1067 1834 1190 1891 Hurter.
1211 1832 1307 1905 1864.
1321 1849 1349 1889 2.
1367 1834 1444 1890 Auli.
1467 1833 1558 1908 1871.

155 1658 293 1719 interim
322 1657 499 1739 gymnasii
530 1657 834 1740 Aquisgranensis
867 1659 986 1738 (Dom-

155 1780 289 1857 schule)
307 1783 443 1841 summai
456 1800 534 1841 cum
547 1780 652 1841 laude
665 1780 740 1842 fuit.
757 1779 902 1841 Relicto
917 1780 986 1841 cle·

154 1901 306 1964 ricorum
336 1901 569 1964 saecularium
597 1911 692 1964 statu
720 1922 860 1964 sacrum
887 1903 920 1962 b.
946 1901 985 1962 P.

156 2024 344 2085 Benedicti
368 2024 527 2085 habitum
552 2024 665 2085 indUit
690 2046 718 2086 ²·
735 2024 825 2086 Νῦν·
847 2028 927 2085 ¹85⁶
952 2023 986 2084 in
1068 2058 1253 2117 catacumbis
1267 2058 1433 2138 Romanis.)
1445 2061 1617 2117 Broschfire
1631 2061 1687 2116 des
1701 2059 1880 2117 Franklurter

155 2145 330 2208 novitiatu
352 2145 641 2228 congregationis
659 2143 882 2207 Cassinensis
903 2154 986 2207 tunc
1068 2165 1390 2232 Broschfirenvereins,
1406 2165 1508 2240 73778,
1531 2163 1622 2238 7867,
1647 2166 1711 2221 ln's
1728 2164 1881 2239 englisce,

155 2268 331 2349 Perugiae
349 2277 478 2348 erecte,
496 2268 553 2329 die
575 2272 621 2330 15.
639 2268 728 2329 Νον.
750 2271 827 2346 1857
847 2267 987 2328 sollem·
1068 2269 1305 2336 Franzdsische,
1345 2268 1513 2344 Spanische
1552 2269 1614 2324 und
1652 2269 1881 2344 Portugiesische

1153 1957 1189 2013 V.
1218 1957 1275 2012 Die
1302 1957 1473 2013 romischen
1497 1956 1724 2014 Katakomben.
1749 1954 1778 2035 (i.
1801 1976 1827 2012 e.
1849 1957 1883 2011 De

155 2390 213 2450 nia
237 2401 322 2451 vota
348 2391 464 2452 emisit
490 2389 524 2451 in
549 2391 636 2451 urbe
664 2389 697 2450 in
723 2388 935 2451 monasterio
960 2407 985 2449 s.
1069 2373 1231 2429 ubersetzt.

156 2514 257 2574 Pauli
274 2525 377 2575 extra
397 2534 516 2576 muros
541 2514 745 2594 ibidemque
769 2512 987 2593 aliquamdiu
1156 2478 1205 2534 VI.
1223 2477 1432 2533 Ceremoniale
1448 2478 1502 2533 der
1517 2478 1587 2533 heil.
1606 2477 1732 2534 Prosess
1749 2477 1821 2533 oder
1836 2477 1882 2532 Ge·

1069 2580 1313 2655 liibdeablegung
1337 2582 1413 2637 nach
1437 2582 1491 2637 der
1507 2582 1605 2655 Regel
1630 2581 1687 2637 des
1709 2582 1778 2638 heil.
1794 2582 1884 2637 Vaters

156 2656 182 2698 S·
205 2635 421 2718 the⁰l⁰g¹am
446 2637 575 2697 docum
600 2635 790 2716 Dmgente
814 2654 855 2696 ac
880 2635 987 2695 bene·
1054 2687 1249 2743 ¹Benedictus
1277 2689 1306 2742 in
1335 2686 1389 2742 der
1412 2685 1501 2742 Abtei
1526 2705 1551 2742 s.
1576 2688 1690 2742 Martin
1713 2707 1750 2741 zu
1774 2687 1883 2742 Beuron.

157 2754 987 2838 ‘1¹03‘thsummoPontffiee1³¹⁰IX·fel·¹¹¹·¹n
1069 2790 1098 2868 (i.
1124 2811 1149 2847 e.
1179 2791 1409 2847 Caeremoniale
1436 2789 1650 2870 monasticon.)
1682 2790 1883 2866 Sigmaringen.

156 2876 383 2939 Germaniam
404 2899 569 2939 reversus
591 2880 622 2939 d.
640 2878 788 2939 Maurus
811 2886 987 2939 monaste·
1069 2896 1211 2952 Ljehner,
1235 2895 1325 2952 1868,

156 2999 244 3061 rium
262 3021 288 3063 s,
302 3000 446 3062 Martini
464 3002 651 3062 Beuronae
669 3001 703 3062 in
718 3000 902 3081 prOVIncia
915 2999 987 3060 Ho·
1156 3001 1221 3056 VII.
1240 3000 1360 3055 Psallite
1377 2996 1545 3075 sapienter!
1564 3000 1709 3056 Psalliret
1725 2997 1825 3056 weise!
1839 2999 1883 3054 Er·

156 3123 417 3183 henzolleriana
442 3123 564 3201 situm,
590 3123 783 3184 adiuvante
808 3122 841 3183 in
866 3121 987 3202 primis
1069 3104 1199 3178 kldrung
1212 3104 1265 3160 der
1277 3104 1414 3160 Psalmen
1428 3107 1465 3160 im
1475 3104 1582 3160 Geiste
1596 3103 1652 3159 des
1665 3102 1883 3161 betrachtenden

1069 3208 1186 3265 Gebets
1203 3207 1262 3263 und
1278 3208 1331 3263 der
1348 3209 1495 3281 Liturgie.
1521 3207 1598 3263 Dem
1620 3208 1731 3264 Clerus
1752 3208 1808 3263 und
1821 3205 1884 3262 Volk

156 3243 316 3325 piissima
333 3255 368 3305 et
385 3244 610 3305 serenissima
628 3244 841 3325 principissa
858 3242 987 3304 Catha-

1070 3313 1230 3385 gewidmct
1254 3332 1314 3369 von
1337 3314 1389 3368 Dr.
1407 3313 1529 3367 Maurus
1546 3311 1670 3368 Wolter
1691 3330 1720 3368 o.
1738 3332 1762 3367 5.
1778 3314 1819 3376 B..
1837 3308 1884 3365 Abi

156 3365 232 3426 rina
246 3367 290 3426 de
299 3366 570 3445 HohenZOHem'
583 3364 806 3445 restauravit’
824 3365 858 3425 in
873 3384 986 3445 eoque
1026 3363 1029 3481 i
1069 3437 1128 3474 ron
1141 3417 1186 3473 St.
1196 3419 1305 3473 Martin
1318 3438 1352 3472 zu
1366 3419 1494 3473 Beuron.
1509 3415 1673 3491 Freiburg,
1684 3417 1806 3473 Herder.
1816 3413 1883 3470 I.Bd.

157 3486 214 3548 die
233 3508 282 3564 24.
300 3487 385 3548 Maii
407 3491 486 3549 1803
509 3487 618 3549 vitam
640 3486 871 3548 monasticam
893 3486 988 3565 prior
1027 3490 1029 3545 l
1069 3519 1552 3599 (ps.1-35)'1371(vesgriffen‚
1564 3520 1684 3578 ebena
1692 3517 1882 3599 Auflffl'ssd,

157 3630 235 3670 cum
253 3609 359 3670 sociis
376 3609 537 3672 instituit.
561 3608 752 3671 Crescente
774 3618 892 3670 autem
916 3626 988 3669 mo·
1027 3626 1030 3753 7
1070 3623 1129 3703 (ps,
1147 3625 1537 3705 36-71),1876;111.Bd.
1551 3622 1611 3703 (Ps.
1627 3623 1796 3703 72—1oo)‚
1812 3621 1881 3694 1878.

157 3732 349 3792 nachorum
378 3751 523 3792 numero
550 3731 690 3794 Romae
720 3731 778 3791 die
810 3751 859 3790 20.
888 3728 987 3809 Sept.
1028 3758 1031 3809 7
1156 3732 1237 3787 VIII.
1256 3732 1422 3805 Praecipua
1436 3732 1595 3785 monastici
1613 3730 1730 3786 ordinis
1747 3730 1880 3785 elementa.

161 3856 241 3913 1808
267 3855 312 3914 ab
338 3853 440 3914 emin.
463 3851 594 3914 cardin.
620 3852 746 3913 comite
770 3854 812 3912 de
829 3851 989 3912 Reisach
1029 3812 1031 3833 Ι
1072 3838 1200 3911 nugae,
1218 3848 1339 3909 typogr.
1357 3834 1388 3891 S·
1406 3835 1578 3908 Augustini.
1602 3833 1695 3891 ¹880·

156 3976 290 4062 primus
300 3975 541 4036 Beuronensis
554 3976 667 4035 abbas
681 3974 898 4035 sollemniter
907 3992 988 4034 con·
1156 3963 1468 4036 Womatschka
1484 3973 1715 4037 Othmarus
1726 3973 1878 4053 (Senten-

157 4109 316 4158 secratus
334 4109 369 4159 et
387 4098 420 4158 in
434 4097 527 4159 festo
541 4117 566 4157 s.
580 4096 725 4157 Rosarii
740 4099 780 4176 (4.
792 4095 883 4173 Oct.)
899 4096 989 4156 eius·
1070 4091 1151 4188 sis),
1168 4091 1329 4153 Viennae
1347 4092 1381 4152 in
1399 4092 1545 4153 Austria
1570 4092 1628 4153 die
1652 4112 1702 4155 21.
1719 4091 1799 4152 Dec.
1818 4091 1874 4161 1811

156 4220 235 4279 dem
261 4219 341 4280 anni
369 4221 556 4280 Beuronae
581 4229 635 4280 est
660 4218 870 4280 installatus,
896 4218 989 4279 Exul
1071 4225 1185 4293 natuS,
1203 4235 1282 4275 cum
1299 4214 1401 4275 bonis
1423 4213 1552 4274 litteris
1574 4213 1609 4274 in
1632 4213 1812 4296 gymnasio
1825 4209 1875 4271 Be-

156 4360 234 4401 cum
252 4351 430 4401 conventu
448 4343 493 4401 ab
510 4360 602 4401 anno
625 4345 702 4418 1875
723 4340 756 4401 in
774 4341 874 4421 asylo
888 4339 988 4400 Tiro·
1027 4296 1030 4389 i
1069 4336 1327 4398 nedictinorum
1349 4338 1394 4398 ad
1417 4335 1546 4398 Scotos
1570 4347 1748 4416 vacasset,
1772 4333 1873 4396 ibidem

156 4461 246 4521 lensi
273 4481 387 4541 prope
405 4462 557 4523 Volders
587 4465 741 4543 degam,
770 4482 791 4522 a
818 4461 988 4522 facultate
1027 4392 1030 4541 Ι
1070 4457 1127 4518 die
1153 4462 1199 4520 15.
1218 4456 1318 4539 Sept.
1341 4463 1415 4519 1801
1442 4477 1468 4518 s.
1490 4457 1618 4520 habitu
1644 4459 1791 4535 indutus,
1812 4459 1873 4513 vota

156 4583 310 4663 theolog.
337 4583 579 4645 universitatis
596 4583 836 4664 Tubingensis
858 4583 915 4643 die
941 4603 987 4644 10.
1070 4578 1187 4640 emisit
1203 4580 1387 4640 sollemnia
1401 4578 1457 4640 die
1475 4600 1500 4641 1.
1512 4578 1592 4641 Oct.
1608 4585 1701 4642 1805.
1719 4571 1872 4640 Absolutis

159 4705 252 4785 Aug.
287 4710 365 4784 1877
399 4725 424 4766 5.
453 4706 657 4786 theologiae
690 4707 814 4767 doctor
845 4705 987 4767 honoris
1070 4702 1197 4763 deinde
1215 4723 1242 4764 s,
1259 4702 1462 4783 theologiae
1486 4701 1521 4762 in
1544 4702 1640 4764 univ.
1658 4703 1803 4764 Vindob.
1821 4709 1872 4756 stu·

156 4845 264 4886 causa
289 4837 430 4888 creatus
452 4838 517 4889 est.
546 4827 710 4907 Denique
734 4830 848 4889 abbas
872 4827 988 4888 factus
1071 4824 1137 4884 diis
1155 4825 1415 4905 celebratisque
1432 4825 1489 4885 die
1512 4830 1561 4886 15.
1582 4827 1680 4908 Aug.
1699 4816 1872 4900 18055111·-

158 4949 365 5009 monasterii
398 4950 486 5030 regii
518 4949 558 5010 B.
590 4949 725 5010 Mariae
753 4949 912 5030 Virginis
944 4951 988 5009 de
1070 4946 1192 5026 mitiis,
1220 4946 1458 5027 professorem
1487 4947 1562 5027 egit
1588 4949 1808 5028 supplentem
1827 4941 1872 5002 lin·

157 5068 569 5132 Monteserrato-Emaus
591 5071 746 5151 Pragae,
769 5070 990 5131 Beuronensi
1028 5052 1030 5085 ¹
1071 5089 1164 5150 guae
1178 5067 1412 5130 Germanicae
1426 5070 1460 5130 in
1475 5090 1504 5130 c.
1515 5089 1540 5130 r.
1551 5070 1744 5151 gymnasio
1760 5069 1800 5130 ad
1811 5064 1872 5127 sco-

157 5191 348 5251 conventui
366 5192 422 5252 die
445 5214 469 5254 1.
487 5192 590 5253 Febr.
612 5197 693 5253 1880
710 5191 840 5254 traditi.
1071 5202 1136 5270 105,
1154 5192 1267 5253 donec
1285 5213 1376 5253 anno
1399 5195 1477 5270 1878
1500 5212 1608 5253 curae
1631 5194 1817 5254 animarum
1829 5184 1872 5246 ad·

244 5311 374 5392 Opera,
402 5334 493 5394 quae
510 5335 582 5375 rev.
601 5316 713 5375 abbas
730 5313 884 5394 scripsit,
907 5322 989 5374 sunt
1071 5313 1187 5375 dictus
1209 5324 1421 5395 cooperator
1443 5313 1659 5395 designatus
1676 5326 1731 5377 est
1748 5333 1806 5396 pro
1821 5305 1872 5370 Zel-

159 5434 236 5495 fere
252 5436 357 5496 haec:
1071 5434 1238 5495 lerndorf.

12 5508 159 5872 ‘i
621 5897 624 5903 ,
