4034 6262
630 535 912 606 -395-

124 738 178 802 rus
187 719 270 781 anni
281 717 426 780 secundi
436 718 626 801 moralista,
636 717 735 780 audi-

125 839 324 922 clesiastici,
342 839 575 920 correpetitor
590 840 734 923 linguae

124 963 198 1025 iscit
214 983 306 1025 nunc
320 962 491 1044 Italicam,
504 962 733 1045 caeteroquin

126 1084 316 1167 hlegmatis
329 1084 424 1166 genii
442 1094 478 1146 et
490 1084 624 1167 ingenii
636 1085 732 1167 boni,

125 1227 158 1269 m
168 1207 359 1288 qualitates
373 1206 476 1268 alteri
488 1206 733 1269 discutiendae

124 1333 301 1410 iusceptus
318 1327 505 1410 Sazavsky
526 1329 623 1392 hisce
640 1348 733 1391 com-

124 1461 148 1514 :t
173 1473 220 1514 11.
240 1453 326 1532 Apr.
348 1455 427 1531 1775
449 1451 607 1532 indutuS,
630 1453 733 1513 abso·

128 1573 150 1635 ii
167 1592 261 1636 anno
277 1593 343 1654 per
357 1592 488 1635 annum
505 1572 600 1634 domi
615 1572 734 1634 studia

148 1705 223 1758 tum
251 1715 336 1757 vero
365 1715 429 1777 per
456 1659 636 1757 bieimium
663 1714 734 1757 una

815 721 910 801 Sept.
931 723 1012 797 ¹793
1035 728 1201 802 „propter
1217 719 1383 782 solertem
1400 721 1543 782 scholae
1560 740 1641 802 pro-

814 838 1024 903 motionem“
1062 841 1206 903 summis
1245 842 1426 903 celebrant
1462 842 1641 904 encomiis,

814 960 951 1026 Studiis
971 961 1186 1024 mechanicis
1208 972 1244 1025 et
1264 943 1522 1028 mathematicis
1545 973 1642 1026 totus

814 1093 967 1166 quantus
984 1084 1136 1165 deditus,
1154 1082 1350 1167 Gregorius
1369 1090 1448 1165 1795
1469 1085 1642 1148 Domaso-

812 1205 862 1268 vii
880 1207 1028 1290 ,molam
1044 1205 1162 1269 venti“
1179 1206 1345 1288 propriae
1362 1225 1448 1268 suae
1469 1207 1642 1270 inventio-

814 1327 868 1390 nis
884 1327 1084 1391 construxit
1100 1339 1136 1392 et
1153 1327 1365 1412 aedificavit,
1388 1331 1433 1392 de
1454 1350 1525 1411 qua
1540 1350 1642 1412 prae-

814 1449 952 1531 positus
978 1449 1169 1515 Othmarus
1192 1451 1228 1512 in
1252 1471 1316 1514 suo
1341 1451 1505 1535 ,diari0“,
1533 1471 1643 1535 „opus

814 1573 901 1635 hoc“
918 1572 1034 1654 inquit
1051 1573 1136 1656 „toti
1152 1573 1234 1636 huic
1246 1573 1398 1637 viciniae
1412 1574 1477 1637 erit
1489 1575 1643 1638 maxime

814 1693 1008 1776 proficuum
1032 1706 1068 1757 et
1090 1695 1156 1757 toti
1177 1694 1382 1777 provinciae
1402 1695 1643 1758 imitandum“.

124 1818 198 1880 tino
212 1818 328 1898 Koch,
342 1837 493 1898 quocum
506 1816 630 1879 intima
643 1836 734 1879 sem·
773 1850 776 1859 .
814 1819 884 1879 Ast
900 1837 984 1899 spes
997 1818 1241 1899 praepositum
1253 1838 1366 1900 aeque
1379 1839 1420 1881 ac
1431 1817 1642 1902 Gregorium

124 1939 158 2002 tit
187 1938 427 2002 familiaritate
458 1939 666 2002 coniunctus
698 1938 733 2001 in
813 1949 971 2002 nostrum
995 1939 1132 2023 fefellit,
1157 1951 1318 2023 sumptus
1345 1962 1426 2003 1200
1446 1940 1480 2003 fl.
1503 1941 1642 2023 perditi,

124 2082 152 2143 a,
181 2062 337 2124 Brunam
364 2062 446 2124 inde
473 2063 520 2123 ab
548 2060 734 2125 Olomucio
773 2120 775 2129 ,
813 2064 906 2124 mola
922 2062 1000 2144 ipsa
1021 2083 1100 2143 1797
1123 2063 1265 2126 abolita.
1290 2064 1442 2126 Felicior
1463 2064 1498 2125 in
1519 2064 1641 2126 inven-

124 2183 239 2246 studia
265 2183 428 2264 praefata
451 2183 671 2246 continuavit
698 2191 734 2244 et
773 2190 775 2245 l
814 2184 910 2247 tione
928 2184 1150 2247 instrumenti
1171 2187 1216 2248 ad
1235 2185 1470 2247 dimetiendas
1494 2187 1640 2247 arbores

124 2316 220 2368 terea
234 2327 284 2384 29.
294 2306 369 2369 lun.
389 2310 469 2385 1780
481 2304 640 2368 sollemni
653 2323 734 2385 pro-

124 2427 212 2488 11559
237 2436 273 2488 et
298 2424 493 2508 Gregorius
520 2427 733 2508 appellatuS,

124 2549 245 2611 inculo
270 2549 442 2611 coenobio
467 2558 589 2611 nostro
613 2548 734 2610 addic-

124 2671 267 2752 angaria
294 2670 499 2732 adventuali
529 2671 564 2733 in
591 2653 733 2733 subdia·
771 2686 774 2711 ³

124 2815 133 2855 1
152 2793 209 2856 die
224 2815 273 2857 22.
285 2791 384 2875 Sept.
399 2813 483 2856 vero
496 2793 533 2856 in
546 2793 732 2856 diaconum

133 2915 268 2978 Redux
300 2936 346 2977 ex
377 2916 608 2978 universitate
639 2935 731 2979 anno

124 3058 163 3100 ›r.
179 3058 276 3100 more
293 3046 377 3100 tunc
394 3038 507 3120 solito,
525 3038 731 3120 priusquam

124 3182 175 3223 :us
210 3160 368 3223 ordinem
405 3161 619 3242 susciperet,
651 3181 731 3243 pro-

131 3281 261 3344 nostris
292 3282 450 3344 Antonio
487 3283 660 3364 Klappitz
695 3292 731 3344 et

127 3406 291 3486 erhauer,
316 3404 482 3486 praeside
506 3404 638 3467 Alexio
657 3382 730 3466 Ha-

124 3527 254 3608 priore,
283 3546 433 3588 examen
458 3528 655 3608 rigorosum
684 3547 730 3589 ex

124 3649 274 3731 reologia
301 3648 426 3730 subiit,
459 3669 528 3730 quo
556 3649 729 3731 praestito

124 3792 222 3834 *unae
239 3772 274 3834 in
292 3772 487 3834 domestico
509 3773 640 3834 sacello
657 3772 729 3854 epi-

124 3895 386 3976 aresbyteratus
408 3894 566 3956 ordinem
584 3903 730 3956 evectus

124 4017 154 4079 is
169 4038 219 4095 29.
233 4016 321 4097 Apr.
340 4016 539 4097 celebratis,
553 4016 588 4078 in
601 4015 729 4097 quibus

124 4139 241 4202 abrich
277 4158 341 4219 pro
379 4139 548 4201 concione
580 4139 729 4220 dixerat,

124 4261 341 4324 :onstituitur
357 4260 605 4323 refectorarius
621 4281 662 4323 ac
679 4261 730 4323 in·

814 2325 840 2369 s.
858 2306 890 2368 d.
910 2305 1198 2389 „Baummesser“
1217 2307 1341 2388 evasit,
1359 2308 1403 2368 de
1420 2326 1490 2387 quo
1504 2305 1641 2388 specia-

813 2428 882 2490 lem
895 2402 1092 2491 sermonem
1105 2449 1197 2492 anno
1211 2433 1292 2491 1810
1304 2429 1445 2491 Brunae
1458 2429 1556 2511 typis
1568 2429 1640 2490 edi-

813 2549 874 2612 dit.
910 2550 998 2612 Post
1026 2550 1160 2613 obitum
1188 2551 1228 2612 P.
1254 2549 1444 2615 Sarcandri
1471 2548 1641 2613 Globisch

817 2674 864 2735 15.
874 2671 979 2734 Mart.
994 2675 1070 2734 1801
1089 2673 1134 2734 ad
1147 2682 1334 2735 vacantem
1347 2672 1580 2754 capellaniam
1591 2673 1641 2734 lo·

812 2794 925 2856 calem
942 2792 1214 2877 Syrovicensem
1233 2792 1428 2877 Gregorius
1448 2794 1641 2857 translatus

812 2926 876 2997 est,
894 2918 987 2979 unde
1003 2913 1049 2979 ad
1062 2915 1256 2997 prioratum
1268 2915 1568 2999 Raigradiensem
1580 2936 1653 2993 911-ι

811 3058 857 3101 no
878 3043 956 3117 1807
975 3048 1137 3120 vocatus,
1158 3039 1301 3101 biennio
1318 3049 1415 3121 post,
1436 3058 1542 3120 quum
1559 3048 1641 3120 post

810 3160 946 3223 obitum
983 3121 1129 3223 securidi
1168 3159 1281 3223 curati
1317 3158 1564 3242 Syrovicensis
1600 3161 1640 3224 P.

810 3281 1022 3365 Wolfgangi
1034 3282 1231 3364 Lukovsky
1247 3291 1390 3344 curatus
1401 3281 1641 3364 Raigradien-

810 3404 857 3466 sis
868 3405 908 3466 P.
922 3404 1126 3467 Bernardus
1139 3404 1311 3467 Piwonka
1328 3403 1491 3467 inlocum
1504 3406 1641 3467 demor-

810 3527 861 3590 tui
870 3525 1046 3609 Syrovicii
1057 3524 1171 3631 51ἱῇοοί
1180 3527 1364 3608 aspiraret,
1375 3527 1481 3589 etiam
1489 3526 1641 3609 Raigra-

810 3649 967 3711 diensem
976 3649 1179 3732 parochiam
1192 3649 1506 3711 administrandam
1518 3669 1640 3712 susce-

809 3771 864 3853 pit
876 3792 969 3834 anno
986 3777 1066 3850 1809
1080 3772 1137 3834 die
1154 3776 1201 3835 16.
1215 3771 1288 3835 Ian.
1310 3768 1514 3852 Sequuntur
1525 3790 1640 3833 novae

811 3895 1080 3978 gratulationes,
1103 3913 1288 3976 novaeque
1304 3893 1340 3955 in
1357 3891 1568 3975 Gregorium
1585 3892 1641 3954 lit-

811 4026 910 4079 terae
925 4016 1141 4080 honorificae
1158 4019 1203 4079 ob
1216 4017 1328 4078 zelum
1340 4014 1555 4077 laudabilem
1568 4033 1641 4076 om-

810 4139 917 4220 nique
939 4139 1152 4220 exceptione
1173 4137 1341 4201 maiorem
1357 4137 1392 4199 in
1409 4156 1493 4199 cura
1509 4136 1641 4199 anima-

810 4281 885 4323 rum
903 4272 1098 4334 ostensum
1121 4261 1171 4323 sic
1189 4279 1218 4322 e.
1236 4280 1286 4342 gr.
1305 4282 1334 4337 1.
1350 4260 1424 4322 Ian.
1446 4262 1524 4321 1812
1542 4260 1641 4321 9119-

124 4391 241 4446 :entor
264 4391 300 4445 et
327 4382 532 4445 catechista.
563 4382 731 4445 Triennio
812 4403 901 4446 cano
918 4382 1128 4445 Rossicensi
1144 4381 1187 4444 D.
1200 4380 1341 4463 Mucha,
1358 4400 1507 4444 necnon
1524 4401 1545 4443 a
1559 4400 1640 4443 con-

124 4527 150 4568 a
181 4505 321 4568 interim
349 4505 491 4568 Brunae
519 4505 749 4588 methodica,-

124 4631 153 4690 to
171 4627 453 4709 cooperatoriam
470 4628 609 4710 accepit
629 4627 730 4690 iuris-

124 4769 182 4831 pro
202 4749 383 4831 Raigrad,
412 4758 448 4812 et
472 4770 522 4811 22.
545 4747 624 4813 Oct.
650 4755 729 4828 1789

124 4890 148 4932 15
172 4880 210 4933 ut
231 4882 441 4952 cooperator
465 4871 587 4933 localis
607 4872 643 4933 in
659 4872 730 4934 Do-

124 4999 186 5056 Lem
208 4995 273 5055 sub
291 4993 485 5055 directione
508 4993 731 5057 administra·

124 5114 433 5198 Nigrofanensis,
459 5135 571 5196 usque
595 5117 641 5178 ad
665 5116 731 5180 Ca·

124 5237 159 5299 tii
179 5244 256 5300 1801
278 5258 383 5300 curae
396 5238 588 5301 animarum
606 5239 730 5301 sedulo

124 5360 303 5423 odvariae
312 5361 562 5424 attestationes
572 5359 730 5443 inprimis

124 5482 164 5543 191
182 5483 362 5546 districtus
379 5484 573 5545 Brunensis
590 5484 662 5547 dt0.
679 5487 730 5547 111.

810 4505 945 4567 5111111115
957 4504 1229 4568 Domasoviensi
1246 4514 1281 4567 et
1298 4502 1535 4586 Syrovicensi,
1553 4503 1640 4565 etin

810 4626 970 4710 generali
986 4626 1201 4707 visitatione,
1223 4645 1328 4707 quarn
1345 4624 1535 4706 episcopus
1551 4624 1640 4687 Bru-

811 4750 931 4811 nensis
954 4771 984 4828 4.
1007 4748 1093 4812 Maii
1114 4753 1193 4826 1814
1216 4747 1407 4829 Raigradii
1430 4749 1639 4829 peragebat,

810 4870 904 4933 idem
930 4870 966 4933 in
993 4869 1152 4951 acceptis
1179 4871 1350 4933 retulerat
1383 4869 1437 4952 „in
1465 4867 1640 4951 Gregorio

811 4994 1042 5076 conspexisse
1070 4993 1198 5073 virum,
1226 4992 1287 5074 qui
1314 4988 1423 5053 officii
1446 4991 1501 5053 sui
1526 4991 1640 5052 sancti

811 5116 973 5197 partibus
997 5113 1192 5196 exemplari
1218 5133 1298 5176 cum
1321 5112 1458 5194 pietate
1485 5132 1531 5175 ex
1558 5131 1639 5173 asse

811 5239 1028 5319 respondere
1045 5239 1224 5318 cordaque
1239 5235 1396 5299 fidelium
1412 5253 1555 5296 suorum
1571 5233 1641 5296 sibi

812 5361 990 5424 devincire
1003 5379 1023 5422 e
1035 5357 1276 5422 veronoscit“.
1292 5357 1380 5419 Post
1393 5356 1527 5419 obitum
1537 5374 1639 5436 prae·

811 5483 920 5563 positi
937 5481 1097 5547 Othmari
1114 5481 1172 5544 die
1192 5485 1240 5543 13.
1253 5479 1328 5541 Iun.
1347 5482 1424 5541 1812
1443 5477 1539 5561 prior
1552 5474 1639 5540 Gre-

1379 5583 1432 5646 50*
