4088 6270
889 508 1171 576 -124-

158 698 244 758 bare
276 693 505 756 adnitebatur
533 709 578 753 ex
608 689 830 753 documentis
857 690 991 753 archivi

158 815 319 880 Blasiani
343 835 364 877 a
385 834 424 876 se
445 813 625 895 inspectiS,
642 831 765 876 verum
781 813 923 876 sinistre
940 813 991 876 in·

159 939 323 1003 tellectis.
347 937 393 1000 Et
414 934 618 1018 praefectus
638 935 766 997 aerarii
787 935 921 1016 publici
945 937 990 997 ab

158 1060 381 1143 imperatrice
404 1060 585 1122 decretum
603 1057 753 1120 extorsit
768 1059 814 1121 ad
830 1058 990 1140 regimen

158 1182 400 1265 Friburgense
416 1182 548 1261 datum,
568 1180 606 1242 vi
623 1179 722 1242 cuius
738 1179 991 1242 monasterium

159 1325 185 1369 s.
210 1303 323 1367 Blasii
349 1311 544 1385 proventus
570 1302 718 1365 istarum
746 1302 990 1385 dynastiarum

159 1426 326 1490 continuo
346 1424 513 1506 indicare,
536 1433 572 1487 et
587 1424 642 1487 ius
659 1423 851 1507 colligendi
872 1424 990 1486 domui

159 1548 373 1612 Austriacae
401 1549 466 1609 sub
494 1547 765 1610 comminatione
792 1545 991 1609 exactionis

158 1692 224 1754 per
244 1670 373 1734 milites
394 1671 523 1733 cedere
547 1670 747 1734 iubebatur.
771 1670 830 1732 Ad
854 1680 990 1732 tantam

159 1794 330 1856 iacturam
346 1793 523 1855 redituum
539 1792 780 1873 avertendam,
802 1801 949 1874 rogatus
970 1811 991 1852 a

159 1915 317 1996 capitulo
340 1913 511 1976 Blasiano
538 1924 575 1976 et
602 1914 708 1995 plena
736 1921 917 1994 potestate
940 1911 991 1974 in·

1028 712 1032 819 ,
1071 691 1221 773 aliisque
1245 691 1347 754 donis
1370 693 1581 755 honoratum
1606 692 1748 775 dimisit,
1768 697 1866 759 oblatis

1071 812 1265 893 praeclaris
1285 813 1429 875 honoris
1450 813 1562 877 titulis
1579 823 1616 877 et
1631 817 1866 897 praerogativis,

1071 953 1161 1015 quas
1176 944 1297 997 tamen
1312 936 1426 996 abbas
1438 936 1600 998 modeste
1612 936 1793 1001 recusavit.
1806 938 1866 1001 Ter·

1070 1056 1158 1119 tium
1179 1055 1248 1119 iter
1268 1055 1354 1119 fecit
1379 1077 1471 1120 anno
1496 1062 1575 1137 1782
1601 1060 1649 1120 ob
1672 1057 1825 1140 pietatem
1841 1071 1866 1123 et

1070 1178 1306 1241 reverentiam
1320 1199 1407 1262 erga
1416 1178 1546 1243 Christi
1559 1179 1594 1243 in
1606 1181 1712 1243 terris
1722 1181 1865 1262 vicarium,

1030 1372 1032 1379 ,
1071 1320 1244 1363 summum
1257 1298 1461 1381 pontificem
1473 1301 1578 1364 Pium
1585 1301 1658 1383 VI,
1672 1301 1733 1384 qui
1744 1302 1865 1366 inaudito

1071 1443 1092 1484 a
1110 1422 1262 1485 saeculis
1279 1423 1455 1504 exemplo,
1480 1432 1517 1485 et
1539 1422 1673 1487 affectu
1695 1426 1771 1506 plus
1790 1445 1865 1506 quan

1029 1570 1032 1629 5
1071 1554 1222 1627 paterno
1252 1547 1397 1628 longum
1428 1545 1495 1608 iter
1526 1547 1704 1629 suscepit,
1739 1556 1774 1610 ut
1798 1547 1865 1610 lose·

1029 1635 1032 1655 Ι
1071 1671 1179 1751 phum
1196 1669 1241 1732 II.
1263 1668 1513 1750 imperatorem
1536 1679 1660 1733 contra
1676 1690 1803 1733 sacram
1814 1670 1880 1731 hie:

1071 1791 1244 1854 rarchiam
1254 1802 1290 1853 et
1303 1792 1379 1854 iura
1391 1791 1569 1873 pontificis
1578 1813 1692 1875 prava
1701 1793 1866 1855 molientem

1071 1914 1116 1976 ad
1145 1914 1320 1976 saniorem
1347 1934 1491 1976 sensum
1517 1924 1715 1979 revocaret.
1748 1914 1865 1977 Nuntius

159 2046 326 2118 structus,
342 2056 416 2099 rem
432 2036 523 2098 hanc
540 2034 759 2116 conficiendi,
781 2035 901 2117 prouti
921 2033 990 2116 ipsi
1029 2016 1033 2063 t
1071 2036 1290 2118 apostolicus
1318 2056 1437 2099 comes
1465 2038 1510 2100 de
1535 2034 1707 2119 Garampi
1734 2039 1865 2100 abbatem

160 2159 276 2222 visum
303 2158 424 2239 fuerit,
453 2157 580 2220 iterum
605 2157 781 2220 Viennam
808 2152 991 2238 profectus
1029 2234 1032 2253 Ι
1070 2157 1263 2220 Martinum
1276 2157 1438 2240 repetitis
1453 2159 1580 2221 litteris
1593 2159 1727 2241 quippe
1738 2159 1865 2241 urgebat,

159 2291 225 2345 est.
241 2280 375 2343 Verum
391 2281 582 2361 plerosque
605 2280 707 2342 aulae
723 2299 914 2342 caesareae
929 2279 992 2341 mi·
1071 2290 1110 2343 ut
1128 2272 1310 2343 Viennam
1338 2281 1532 2344 adveniens
1559 2281 1779 2344 sanctissimo
1799 2278 1865 2360 patri

160 2402 289 2466 nistros
313 2411 349 2465 et
373 2401 593 2465 consiliarios
616 2402 651 2464 in
675 2402 742 2464 hac
768 2421 877 2463 causa
899 2401 991 2463 male
1071 2402 1147 2464 iura
1163 2423 1227 2465 sua
1243 2412 1279 2465 et
1295 2403 1468 2466 ecclesiae
1484 2403 1578 2466 tueri
1595 2404 1739 2485 volenti,
1755 2400 1865 2466 consilio

159 2534 444 2608 praeoccupatos
460 2524 606 2605 invenit,
628 2534 772 2605 praeter
787 2542 990 2604 supremum
1030 2576 1032 2605 ,
1070 2526 1215 2588 adesset
1230 2535 1266 2588 et
1278 2526 1492 2591 adiumento,
1514 2526 1616 2590 Licet
1629 2527 1752 2590 abbati
1763 2525 1864 2588 animus

160 2649 262 2712 aulae
290 2647 503 2728 ministrum,
532 2647 729 2728 principem
756 2645 915 2708 Kaunitz
946 2646 990 2708 de
1029 2616 1032 2697 i
1070 2647 1356 2728 promptissimus
1369 2658 1475 2731 esset,
1485 2649 1546 2712 vix
1556 2649 1642 2731 quid
1656 2648 1864 2731 proficerepo

159 2771 349 2852 Rietberg,
363 2779 488 2851 utpote
501 2769 627 2832 iurium
642 2769 782 2851 imperii
794 2771 886 2831 bene
898 2768 991 2851 peri·
1029 2795 1032 2887 1
1071 2769 1207 2851 tuisset,
1229 2791 1308 2833 curn
1329 2771 1406 2852 ipse
1428 2791 1585 2835 summus
1606 2771 1767 2854 pontifex
1779 2782 1863 2853 pater·

160 2903 244 2975 tum,
255 2903 490 2974 paratumque
502 2893 548 2955 ad
562 2912 604 2954 ea
617 2891 724 2954 etiam
738 2900 861 2954 contra
874 2892 990 2953 aulam

160 3016 304 3095 tuenda,
330 3015 390 3096 qui
413 3034 543 3077 causae
569 3013 825 3076 discussionem
842 3013 887 3075 ad
904 3012 992 3095 legi-

161 3138 284 3200 timum
309 3137 423 3200 forum
451 3137 594 3200 devolvi
621 3136 772 3218 curavit,
800 3157 821 3198 a
849 3155 918 3217 quo
946 3137 991 3197 ad

1071 2893 1125 2955 nis
1138 2893 1289 2975 monitis,
1303 2895 1479 2976 precibus,
1493 2894 1716 2978 gravissimis
1727 2894 1863 2958 rationum

1072 3015 1258 3078 momentis
1279 3016 1376 3096 apud
1396 3037 1579 3079 caesarem
1601 3037 1726 3099 parum
1741 3024 1793 3079 aut
1805 3008 1862 3076 nihil

1072 3138 1214 3200 omnino
1223 3136 1395 3219 proficere
1405 3139 1597 3220 videretur,
1608 3141 1770 3202 abbatem
1777 3149 1861 3218 geme·

1071 3261 1213 3323 bundus
1229 3261 1279 3322 ita
1299 3259 1443 3323 affatus:
1461 3260 1492 3325 O
1510 3260 1558 3323 mi
1578 3263 1673 3324 bone
1693 3261 1806 3323 abbasl
1821 3272 1861 3316 ve

161 3404 246 3447 vore
262 3384 401 3466 agitata
417 3394 481 3465 est,
499 3402 540 3445 ac
557 3383 586 3445 si
600 3385 644 3445 de
656 3383 797 3464 integra
808 3381 993 3463 provincia
1031 3382 1034 3473 l
1071 3383 1121 3445 lui
1141 3402 1244 3445 ovem
1265 3382 1442 3463 perditam
1466 3404 1648 3467 quaerere,
1672 3385 1735 3447 sed
1757 3401 1813 3446 non
1827 3377 1860 3438 in·

161 3261 258 3324 aliud
282 3261 480 3341 iterumque
504 3259 600 3322 aliud
621 3260 742 3321 delata
764 3267 801 3321 et
820 3267 921 3320 tanto
940 3257 993 3320 fa·

161 3506 282 3569 domui
302 3505 516 3569 Austriacae
537 3524 663 3568 recens
684 3506 849 3566 addenda
869 3523 993 3586 agere·
1031 3492 1034 3584 l
1052 3482 1054 3487 ,
1072 3505 1165 3567 veni.
1189 3505 1327 3587 Papam
1342 3505 1496 3568 Romam
1518 3525 1582 3587 per
1598 3506 1792 3589 Augustam
1803 3499 1860 3562 Vin·

161 3639 228 3692 tur.
245 3629 368 3714 Atque
381 3628 432 3690 sic
448 3627 616 3708 princeps
632 3626 724 3689 ultra
741 3635 879 3706 septem
896 3645 993 3687 men·
1031 3588 1034 3693 i
1074 3628 1266 3690 delicorum
1283 3637 1319 3690 et
1335 3628 1562 3691 Monachium
1582 3636 1806 3691 revertentem
1820 3621 1860 3682 ab

160 3771 219 3814 ses
240 3752 403 3814 Viennae
427 3752 594 3813 detentus
619 3758 687 3830 est,
718 3749 809 3811 inter
832 3769 932 3830 spem
957 3759 993 3810 et
1031 3700 1034 3807 i
1073 3753 1138 3812 bas
1154 3750 1329 3812 Martinus
1351 3771 1429 3813 cum
1450 3752 1629 3813 sacellano
1650 3770 1714 3813 suo
1733 3750 1769 3812 P.
1784 3740 1859 3810 Trud-

114 3951 119 3961 ἢ
161 3883 293 3936 metum
318 3872 504 3935 fluctuans.
532 3873 684 3934 Demum
707 3890 909 3951 supremum
932 3869 993 3932 tri·
1031 3842 1034 3925 i
1073 3880 1175 3951 perto
1206 3870 1368 3951 Neugart
1398 3889 1425 3932 s.
1457 3870 1660 3953 theologiae
1691 3873 1817 3935 doctore
1837 3870 1859 3921 et

162 3997 280 4077 bunal,
298 4015 406 4058 causa
419 3994 573 4076 cognita,
591 3993 682 4056 dixit
694 3993 917 4072 sententiam,
931 3993 992 4054 do·
1031 3954 1034 4097 i
1072 3992 1116 4056 D.
1126 3991 1280 4054 Gerbert
1296 3991 1495 4054 consiliario
1508 3993 1624 4056 aulico
1637 3994 1809 4057 comitatus
1818 3994 1858 4055 esi

162 4138 256 4181 mum
272 4117 500 4180 Austriacam
515 4116 550 4178 in
568 4116 645 4178 istis
661 4115 836 4197 dynastiis
852 4114 906 4176 ius
922 4115 992 4176 col·
1031 4152 1034 4265 J
1073 4114 1177 4195 eique
1194 4132 1343 4195 omnem,
1366 4134 1469 4194 quem
1491 4115 1618 4197 potuit,
1640 4108 1859 4179 deferebatis

161 4240 297 4322 ligendi
325 4239 508 4320 possidere
538 4237 683 4319 probari
712 4257 781 4299 non
808 4256 931 4318 posse,
957 4246 993 4299 et
1031 4280 1034 4315 ,
1073 4258 1194 4300 norem
1215 4246 1250 4299 et
1266 4236 1511 4299 reverentiam.
1536 4236 1712 4317 Quartum
1730 4238 1788 4301 iter
1803 4224 1859 4294 lecit

163 4373 246 4443 post
261 4361 538 4423 transactionem
555 4380 634 4422 cum
651 4359 809 4440 principe
825 4357 993 4420 Blasiano
1031 4318 1034 4427 i
1073 4377 1166 4422 anno
1188 4364 1278 4438 1786.
1303 4357 1390 4420 Cum
1407 4357 1568 4422 nimirum
1584 4359 1755 4443 Iosephus
1766 4358 1801 4422 II.
1812 4366 1858 4415 on

162 4495 374 4547 conventum
392 4494 428 4546 et
443 4483 570 4545 litteris
587 4482 644 4545 die
662 4486 709 4545 13.
722 4482 811 4562 Apr.
828 4500 907 4559 1777
922 4489 992 4543 sta·
1031 4456 1034 4563 i
1073 4503 1136 4545 nes
1148 4481 1404 4544 haereditarias
1416 4502 1499 4543 suas
1513 4492 1638 4564 terraS,
1649 4502 1759 4566 regna
1768 4489 1797 4543 et
1806 4488 1858 4557 pst

163 4615 276 4668 tutum
294 4616 379 4686 erat,
396 4607 562 4667 abbatem
577 4624 604 4668 s.
617 4604 729 4666 Blasii
741 4603 931 4685 quotannis
947 4604 993 4664 ad
1032 4601 1034 4673 l
1072 4605 1208 4668 vincias
1236 4607 1302 4666 sub
1329 4625 1435 4666 unam
1463 4605 1696 4687 eamdemque
1722 4591 1857 4686 regiminis

162 4727 338 4789 aerarium
362 4727 550 4789 anterioris
575 4727 744 4789 Austriae
772 4727 910 4788 solvere
934 4726 993 4787 de·
1032 4710 1035 4861 ἱ
1072 4725 1222 4788 formam
1244 4726 1407 4807 redigere
1428 4725 1624 4809 statuisset,
1648 4729 1743 4791 nulla
1762 4720 1858 4788 ratione

1074 4848 1196 4911 habita
1205 4848 1434 4930 singularium
1446 4848 1573 4911 iurium
1582 4860 1619 4914 et
1628 4848 1857 4932 privilegiorum,

163 4852 249 4912 bere
269 4859 458 4912 sexcentos
475 4848 636 4931 florenos,
650 4849 768 4911 domui
781 4847 993 4911 Austriacae
1032 4888 1035 5019 ι

163 4982 282 5035 autem
299 4972 333 5034 in
350 4972 454 5034 dictis
471 4972 646 5054 dynastiis
658 4993 723 5034 nec
736 4972 791 5034 ius
803 4972 993 5055 colligendi
1074 4991 1165 5052 quae
1189 4970 1265 5033 eius
1286 4981 1531 5034 antecessores
1555 4972 1707 5055 ipseque
1728 4987 1801 5036 avus
1816 4959 1857 5021 Ca·

163 5113 230 5156 nec
252 5094 360 5155 ullum
383 5093 479 5156 aliud
506 5114 595 5176 esse,
620 5105 681 5156 aut
701 5115 866 5176 umquam
892 5114 993 5175 prae·
1032 5056 1035 5209 i
1074 5095 1168 5156 rolus
1190 5093 1252 5156 VI.
1282 5103 1317 5156 et
1344 5077 1457 5156 mater
1480 5095 1529 5159 M.
1553 5095 1726 5159 Theresia
1748 5085 1857 5157 statibl⁵

164 5215 263 5278 tendi
283 5234 400 5296 posse.
424 5215 636 5278 Discessuro
658 5216 809 5298 principi
826 5217 994 5298 Augusta
1032 5240 1035 5361 Ι
1074 5215 1261 5278 anterioris
1274 5215 1442 5279 Austriae
1459 5228 1713 5283 concesserant
1727 5228 1760 5281 et
1773 5199 1857 5278 confi·

163 5337 993 5421 M.Th‹÷resiamaternoaffeetucondoluit‚quod
1073 5350 1270 5413 maverant;
1296 5360 1375 5402 cum
1398 5339 1565 5423 subditis,
1590 5343 1737 5423 colonis,
1758 5319 1857 5402 rusticis

1032 5388 1035 5443 l

163 5460 285 5522 durius
301 5461 347 5522 sit
363 5460 515 5542 habitus,
533 5460 690 5540 pretiosa
704 5481 807 5523 cruce
820 5461 993 5541 pectorali
1032 5446 1035 5535 i
1074 5481 1258 5543 parsurus,
1280 5462 1448 5542 dominia,
1471 5461 1662 5527 fundorum
1686 5476 1722 5527 et
1739 5444 1857 5546 praedit
