4088 6270
1010 469 1251 530 -XL-

392 695 518 776 Neque
542 714 628 756 vero
653 714 674 756 a
697 694 918 776 temporibus
942 694 1122 776 luctuosis,
1147 695 1276 776 quibus
1293 695 1450 776 reliquae
1467 695 1609 777 imperii
1624 704 1748 777 partes
1770 699 1996 780 urgebantur,

262 833 469 914 Hungariae
494 833 651 895 ordinem
679 832 828 895 liberum
858 852 937 895 esse
967 834 1213 914 providentiae
1244 833 1387 896 divinae
1417 835 1561 915 placuit.
1608 835 1663 897 Ibi
1695 834 1932 917 incrementa,
1962 847 1997 899 ut

262 991 370 1053 supra
401 971 768 1051 commemoravimus,
800 972 869 1034 iam
901 991 943 1033 eo
975 973 1289 1054 praecidebantur,
1322 974 1416 1053 quod
1447 972 1603 1035 abbatiis
1634 992 1743 1055 saepe
1775 973 1994 1037 administra·

262 1120 359 1172 tores
383 1119 587 1190 praeerant,
619 1109 680 1190 qui
704 1108 823 1171 divino
848 1109 956 1171 cultui
984 1109 1115 1172 sacrati
1138 1129 1208 1172 non
1232 1121 1343 1174 erant.
1390 1110 1504 1192 Quam
1528 1111 1664 1173 ruinam
1688 1111 1820 1174 ordinis
1844 1112 1997 1194 prohibi·

261 1258 361 1312 turus
385 1248 540 1310 Mathias
564 1247 737 1310 Corvinus
766 1268 831 1310 rex
860 1267 1073 1329 quamquam
1102 1251 1182 1326 1489
1213 1248 1423 1331 ,assistente
1453 1249 1521 1312 sibi
1544 1250 1688 1332 Angelo
1719 1250 1894 1331 episcopo
1926 1270 1998 1312 cum

263 1391 370 1471 plena
404 1397 584 1470 potestate
614 1409 635 1450 a
665 1388 778 1450 latere
812 1386 952 1469 legato“
991 1386 1154 1449 omnibus
1189 1387 1366 1469 religiosis
1401 1390 1574 1469 quasdam
1608 1389 1709 1470 leges
1744 1390 1845 1470 tulit,
1881 1399 1997 1452 tamen

263 1529 393 1589 malum
417 1526 647 1608 praecipuum
671 1545 741 1587 non
765 1524 917 1605 sustulit,
942 1544 1021 1587 cum
1046 1524 1211 1587 abbatias
1234 1525 1433 1587 hominibus
1459 1528 1523 1608 ,de
1540 1545 1579 1588 se
1595 1526 1740 1607 meritis,
1764 1525 1845 1589 aliis
1860 1527 1907 1588 ad
1923 1528 1996 1590 dies

263 1665 370 1745 vitae,
394 1665 471 1726 aliis
495 1666 541 1727 ad
564 1663 756 1726 haeredes“
783 1665 1006 1742 concederet,
1029 1663 1226 1744 iisdemque
1251 1673 1466 1745 potestatem
1490 1666 1661 1727 abbatum
1685 1667 1920 1728 creandorum
1944 1667 1999 1728 de-

263 1804 382 1867 ferret.
428 1805 575 1866 Meliore
608 1822 687 1864 cum
715 1821 883 1864 successu
911 1801 1069 1864 Mathiae
1101 1821 1286 1864 successor
1302 1802 1523 1864 Wladislaus
1547 1803 1601 1884 IL,
1625 1803 1820 1865 Bohemiae
1845 1815 1882 1865 et
1906 1803 1999 1866 Hun·

264 1941 387 2024 gariae
410 1962 485 2022 rex,
511 1940 802 2003 instaurationem
827 1939 961 2002 ordinis
983 1939 1173 2020 incohavit,
1198 1959 1276 2001 cum
1299 1939 1381 2002 huic
1407 1941 1506 2021 operi
1526 1941 1732 2003 Mathaeum
1756 1943 1801 2003 de
1818 1941 1935 2004 Tolna
1957 1943 1999 2002 ad

266 2081 477 2163 dignitatem
505 2079 722 2142 abbatialem
750 2078 883 2141 Montis
911 2077 1117 2140 Pannoniae
1148 2086 1348 2160 promotum
1380 2079 1576 2161 ,notarium
1605 2079 1839 2142 cancellariae
1867 2079 2001 2161 regium

264 2239 306 2282 ac
330 2219 496 2281 clericum
520 2218 727 2280 dioeceseos
751 2215 1165 2298 Quinqueecclesiensis“
1191 2215 1411 2296 praeficeret.
1456 2217 1555 2278 Idem
1579 2237 1658 2279 cum
1682 2219 1852 2279 abbatem
1869 2217 2001 2279 Montis

263 2358 469 2421 Pannoniae
494 2357 657 2419 omnibus
680 2354 820 2436 imperii
844 2354 898 2416 sui
921 2353 1146 2416 monasteriis
1169 2365 1418 2435 praeponeret,
1443 2355 1576 2417 ordinis
1592 2356 1685 2418 vires
1702 2355 1833 2419 artiore
1850 2357 2001 2436 quodam

264 2497 405 2559 vinculo
430 2494 622 2558 coniunxit.
668 2495 867 2574 Propterea
890 2492 1079 2554 Mathaeus
1108 2493 1221 2554 abbas
1249 2497 1325 2553 1501
1359 2493 1553 2574 capitulum
1581 2494 1750 2575 generale
1781 2495 2003 2574 convocavit,

266 2646 301 2698 et
333 2634 465 2697 ordinis
495 2631 834 2715 redintegrationem
868 2630 1139 2692 commendavit.
1187 2630 1308 2711 Simul,
1334 2651 1412 2693 cum
1436 2631 1541 2712 pauci
1565 2640 1686 2694 essent
1708 2631 1868 2715 religiosi
1893 2633 2002 2715 (Mon-

266 2782 338 2836 tem
362 2772 569 2834 Pannoniae
599 2771 716 2852 ipsum
743 2769 806 2831 vix
834 2771 957 2831 decem
986 2769 1148 2831 monachi
1175 2769 1400 2850 incolebant),
1432 2781 1471 2832 ut
1499 2770 1646 2832 aliorum
1670 2790 1812 2853 quoque
1844 2771 2003 2834 ordinum

265 2911 452 2992 religiosos
476 2909 658 2991 suscipere
674 2908 742 2971 sibi
757 2908 891 2988 liceret,
908 2907 1122 2988 impetravit.
1161 2907 1336 2989 Denique,
1362 2909 1497 2970 cumin
1513 2929 1657 2972 munere
1681 2919 1851 2991 suscepto
1876 2931 1898 2972 a
1921 2912 2003 2972 sede

265 3047 462 3130 apostolica
486 3066 615 3129 magno
640 3066 748 3127 opere
772 3047 1011 3128 adiuvaretur,
1035 3048 1070 3108 in
1094 3048 1250 3129 capitulo
1279 3052 1356 3108 1512
1384 3049 1563 3110 celebrato
1589 3049 1623 3109 id
1647 3025 1775 3130 effecit,
1800 3059 1839 3111 ut
1864 3048 2003 3112 eonfoe-

266 3188 402 3251 deratio
419 3187 720 3267 monasteriorum,
739 3206 885 3267 quorum
903 3196 1073 3267 patronus
1089 3206 1153 3248 rex
1170 3197 1256 3265 erat,
1274 3187 1488 3250 conveniret.
1524 3187 1624 3248 Haec
1645 3187 1862 3249 monasteria
1885 3198 2002 3249 erant:

264 3327 369 3389 Mons
393 3326 609 3406 Pannoniae,
634 3327 667 3387 b.
691 3325 828 3387 Mariae
853 3327 897 3387 de
921 3325 1136 3405 Pecsvarad,
1168 3344 1214 3388 ss.
1239 3323 1436 3387 Salvatoris
1460 3326 1504 3386 de
1528 3324 1734 3408 Szekszard,
1765 3347 1792 3388 S.
1817 3327 2003 3389 Michaelis

264 3466 470 3547 archangeli
494 3467 539 3527 de
563 3465 690 3545 Batha,
717 3485 744 3526 s.
768 3463 915 3546 Aegidii
940 3466 984 3526 de
1008 3461 1193 3545 Simighio,
1218 3482 1244 3524 s.
1269 3462 1419 3525 Adriani
1443 3465 1487 3525 de
1511 3463 1670 3544 vZalavar,
1696 3483 1722 3524 s.
1748 3464 1939 3527 Benedicti
1962 3467 2004 3526 de

266 3604 365 3666 iuxta
389 3602 498 3684 Gron,
523 3624 550 3666 s.
574 3602 732 3664 Mauritii
756 3604 800 3664 de
824 3602 922 3664 Beel,
967 3603 1068 3665 Haec
1099 3601 1364 3665 confoederatio
1395 3603 1495 3684 leges
1526 3603 1668 3684 rogavit
1700 3603 1744 3664 de
1776 3603 2004 3667 similitudine

265 3745 380 3808 cultus
404 3743 524 3824 divini,
550 3744 594 3804 de
618 3742 783 3823 capitulis
800 3742 1027 3824 generalibus
1044 3742 1149 3804 tertio
1167 3720 1307 3822 quoque
1333 3761 1435 3821 ann0,
1460 3743 1505 3803 de
1525 3740 1789 3804 visitationibus
1812 3742 2004 3824 quotannis

264 3881 496 3962 celebrandis
529 3883 573 3943 de
605 3880 779 3963 eligendis
810 3881 1012 3962 abbatibus,
1045 3882 1089 3942 de
1121 3880 1293 3960 obsequio
1323 3880 1478 3961 praesidi
1507 3880 1654 3962 capituli
1682 3881 1883 3964 tribuend0,
1913 3883 2003 3944 aliis.

263 4022 464 4103 Perpetuus
492 4038 579 4082 vero
611 4029 647 4080 et
675 4039 831 4080 summus
863 4038 1009 4100 praeses
1040 4017 1187 4099 capituli
1216 4027 1307 4099 erat,
1341 4019 1501 4099 quisquis
1530 4021 1712 4082 abbatiam
1743 4019 1878 4082 Montis
1912 4020 2002 4082 Pan·

264 4158 390 4221 noniae
415 4161 566 4239 regebat
582 4159 614 4239 ¹).
664 4157 829 4219 Forsitan
861 4157 915 4219 his
948 4156 1108 4218 Mathaei
1139 4156 1310 4218 institutis
1339 4159 1426 4219 ordo
1454 4158 1579 4220 iterum
1604 4179 1623 4221 e
1647 4158 1805 4221 tenebris
1829 4157 1865 4220 in
1889 4160 2003 4222 lucem

264 4297 405 4360 evocari
428 4306 584 4379 poterat,
613 4297 681 4359 nisi
703 4299 792 4358 haec
818 4296 918 4358 initia
940 4317 1062 4378 pugna
1090 4297 1243 4358 adversa
1273 4297 1319 4358 ad
1347 4297 1495 4358 Mohacs
1528 4297 1636 4377 (1520)
1668 4316 1844 4379 oppressa
1875 4307 1913 4359 et
1944 4318 2002 4360 ex·

263 4436 393 4498 stincta
423 4446 554 4499 essent.
600 4436 690 4498 Tum
722 4434 873 4498 Osmani
897 4433 1103 4498 Solimanno
1132 4436 1222 4498 duce
1250 4434 1472 4517 Hungariam
1503 4435 1597 4497 ferro
1628 4435 1775 4517 ignique
1804 4447 2001 4498 vastarunt.

263 4571 375 4636 Simul
398 4573 501 4635 bellis
524 4573 687 4635 civilibus
710 4572 804 4634 vires
828 4573 864 4634 in
888 4573 966 4655 ipsa
983 4573 1121 4654 patriae
1136 4573 1276 4636 viscera
1292 4593 1418 4635 versae
1436 4584 1546 4637 erant.
1578 4573 1644 4636 His
1661 4573 1775 4636 turbis
1790 4573 2000 4637 interierunt

262 4711 476 4773 monasteria
500 4720 535 4773 et
559 4711 753 4791 prioratus:
779 4711 820 4773 B.
844 4710 981 4796 Mariae
1005 4712 1049 4773 de
1073 4710 1208 4791 Stohla,
1233 4732 1259 4773 s.
1284 4712 1469 4774 Michaelis
1494 4714 1538 4773 de
1561 4712 1713 4792 Batta2),
1738 4732 1784 4775 ss.
1802 4710 1999 4775 Salvatoris

267 4913 576 4921 ..Φ-,-

393 5051 414 5131 ¹)
438 5051 587 5109 Schramb
610 5053 640 5106 in
664 5051 816 5107 Chronico
841 5053 1005 5108 Meilicensi
1036 5054 1124 5107 etiam
1153 5053 1229 5107 hanc
1254 5051 1549 5108 confoederationem
1581 5053 1618 5108 ad
1646 5053 1850 5109 Meilicensem
1880 5053 1998 5109 consor·

262 5179 369 5221 matam
393 5184 463 5221 esse
491 5164 658 5231 contendit,
684 5164 712 5218 id
736 5163 817 5237 quod
842 5183 860 5219 a
884 5165 1022 5220 Czinario
1047 5165 1065 5219 l.
1091 5184 1115 5220 c.
1141 5165 1178 5219 11.
1203 5163 1362 5219 refutatur.

391 5294 413 5375 2)
437 5298 508 5372 Ipso
533 5297 590 5361 die,
615 5314 676 5370 quo
700 5315 802 5371 pugna
826 5296 864 5351 ad
888 5297 1013 5352 Mohacs
1037 5298 1198 5351 commissa
1221 5310 1277 5359 est,
1303 5295 1478 5352 Ludovicus
1496 5297 1534 5351 ΙΙ.
1558 5295 1659 5351 infelix
1684 5314 1736 5351 rex
1761 5297 1789 5351 in
1813 5297 1873 5353 hoc
1898 5312 1995 5351 mona·
