4034 6262
277 117 304 159 s.
329 96 441 159 Blasii
464 105 501 159 et
523 95 792 179 Hirsaugiensis
815 116 980 179 magnam
1008 96 1237 160 obtinuerant
1267 97 1419 180 gratiam
1447 106 1483 159 et
1512 96 1765 160 auctoritatem
1795 95 1895 176 apud
1929 93 2008 173 prin

277 234 377 316 cipes
394 234 615 298 Austriacos.
646 233 821 299 Omnibus
837 230 931 297 enim
953 235 1177 298 monasteriis
1200 254 1244 298 eo
1267 223 1428 317 tempere
1445 234 1600 298 conditis
1618 236 1848 298 addebantur
1864 232 2011 295 scholae

278 391 426 453 quarum
450 372 704 436 celeberrimae
727 382 829 435 erant
850 373 996 453 saeculo
1019 373 1230 435 duodecimo
1247 371 1491 436 Gottvicensis
1507 382 1544 435 et
1561 372 1831 438 Admontensis.
1858 371 2015 452 Utraqu

277 510 313 572 in
336 510 538 573 interiorem
563 519 600 573 et
623 511 835 574 exteriorem
852 513 873 589 ¹)
898 511 1013 574 divisa
1035 531 1166 594 magno
1190 512 1444 594 discipulorum
1462 531 1609 575 numero
1625 512 1937 594 frequentabatur,
1963 513 2010 575 ill

277 651 348 712 iam
371 649 594 712 Hartmanno
617 651 751 713 abbate
776 653 1014 730 (1093-1114)
1039 662 1095 713 sat
1118 671 1250 732 magna
1273 651 1456 714 fruebatur
1480 651 1594 734 gloria
1610 651 1644 730 ²).
1691 651 1809 714 Etiam
1838 651 1874 713 in
1899 670 2005 713 mona

279 774 388 850 ste'rio
431 788 686 868 Mellicensi3),
734 787 1088 867 Seitenstadiensi4),
1136 787 1379 870 Garstensifil,
1428 789 1666 872 Sanpaulensi
1680 788 1723 870 ⁶),
1768 810 1795 853 s.
1836 789 1974 852 Lambe
2000 818 2017 843 ·

279 928 440 989 celebres
464 938 565 990 erant
590 928 743 989 scholae.

408 1065 483 1127 Nec
511 1066 645 1129 minore
674 1065 847 1128 industria
871 1074 994 1127 vetera
1021 1066 1236 1129 monasteria
1268 1067 1389 1148 pueris
1420 1065 1626 1129 erudiendis
1658 1085 1778 1128 curam
1810 1065 1980 1147 impende

279 1204 395 1266 denuo
419 1212 623 1284 coeperunt.
659 1204 834 1285 Imprimis
858 1205 980 1267 schola
1003 1224 1030 1267 s.
1055 1205 1152 1267 Petri
1176 1203 1377 1288 Salisburgi
1400 1225 1568 1287 magnam
1592 1213 1760 1266 assecuta
1783 1214 1838 1267 est
1863 1205 1970 1266 laude

278 1343 373 1423 quod
397 1362 505 1424 opera
529 1353 565 1405 et
588 1342 706 1406 studio
730 1342 868 1404 Titonis
891 1343 1034 1405 abbatis
1058 1353 1094 1406 et
1118 1343 1300 1406 Gebhardi
1324 1342 1584 1425 archiepiscopi
1608 1345 1848 1424 (rodo-1088)
1875 1342 2017 1405 Arist·

279 1480 359 1542 telis
382 1481 516 1562 scripta
539 1482 760 1563 legebantur,
785 1483 914 1563 quibus
931 1480 1145 1545 Gebhardus
1168 1483 1428 1546 eruditissimus
1444 1481 1591 1544 Parisiis
1606 1482 1818 1544 habebatur.
1851 1479 1984 1545 Schola

278 1619 489 1681 exteriorem
513 1618 623 1681 fuisse
648 1629 683 1681 et
706 1619 909 1682 interiorem
934 1629 1096 1700 apparet,
1121 1619 1252 1682 cumin
1268 1619 1481 1701 necrologiis
1497 1618 1707 1700 saepissime
1727 1620 1897 1702 legantur
1912 1639 1980 1683 voc

276 1759 360 1820 bula
384 1758 564 1819 scholares
589 1768 625 1819 et
647 1757 721 1819 ludi
744 1767 916 1837 rectores,
941 1757 961 1821 i.
986 1777 1016 1819 e.
1041 1759 1183 1820 scholae
1206 1757 1318 1820 laicae
1341 1758 1505 1840 magistri
1520 1759 1554 1840 ⁷).
1602 1756 1811 1839 Cremifani,
1841 1757 1905 1820 ubi
1934 1758 1982 1821 ite

277 1897 409 1978 duplex
434 1905 512 1958 erat
536 1896 667 1975 schola,
692 1896 860 1958 Alramus
884 1895 909 1959 I.
933 1898 1046 1957 abbas
1071 1897 1322 1977 (1093—1120),
1355 1896 1487 1976 optime
1522 1897 1566 1957 de
1597 1895 1727 1959 scholis
1757 1895 1907 1958 meritus
1932 1916 2016 1958 er-

276 2045 315 2097 ut
338 2035 464 2096 merito
488 2054 509 2095 a
533 2033 695 2096 Mariano
719 2034 933 2116 Pachmayr,
966 2033 1255 2115 historiographo
1283 2033 1377 2096 illius
1400 2034 1626 2115 monasterii,
1660 2045 1805 2117 „auctor
1827 2053 1894 2097 seu
1918 2055 1975 2098 res

276 2182 373 2235 tutor
396 2172 543 2235 literarii
566 2172 640 2234 ludi
664 2172 864 2235 nominetur
878 2171 913 2251 8).
952 2172 1068 2234 Etiam
1085 2172 1265 2255 Lambaci,
1281 2173 1484 2253 Lunaelaci,
1502 2172 1786 2235 Michaelburani
1800 2174 1836 2254 ⁹),
1863 2174 1975 2257 Augi

278 2311 395 2373 clarae
430 2320 531 2373 erant
563 2310 722 2390 scholae,
759 2330 907 2390 quarum
938 2311 1061 2374 ultima
1092 2310 1263 2392 imprimis
1293 2312 1439 2393 regibus
1474 2313 1670 2393 Rudolpho
1701 2311 1727 2375 I.
1764 2312 1915 2394 eiusque
1945 2313 1969 2374 fi

280 2449 429 2511 Alberto
453 2449 478 2511 I.
504 2450 743 2530 (1273-1308)
772 2470 902 2531 magna
932 2448 1116 2512 fruebatur
1142 2449 1302 2532 famam),
1335 2470 1400 2512 nec
1431 2469 1501 2513 non
1532 2450 1780 2532 elemberti,
1813 2451 1967 2514 Millstat
2013 2484 2017 2505 ι

278 2608 304 2650 s.
329 2585 489 2667 Arnoldi,
514 2585 664 2650 Ossiaci.
710 2589 751 2650 In
773 2591 855 2671 hoc,
880 2591 975 2670 quod
999 2589 1123 2652 ultimo
1146 2590 1226 2652 loco
1250 2590 1421 2671 diximus,
1453 2590 1671 2653 monasterio
1702 2589 1858 2653 maxime
1883 2589 1985 2653 Slat-

278 2725 481 2806 presbyteri
497 2725 783 2808 instituebantur,
809 2739 847 2791 ut
863 2728 1039 2792 Slovenos
1055 2729 1259 2810 praeceptis
1275 2727 1358 2790 fidei
1375 2727 1599 2792 Christianae
1615 2729 1817 2791 imbuerent
1827 2729 1875 2809 ¹¹).
1900 2730 1956 2792 Eti
1987 2774 2017 2786 -

280 2945 586 2954 ——-———

408 3099 429 3180 ι)
453 3100 565 3158 Schola
588 3101 802 3159 Admontensis
826 3106 958 3160 exterior
981 3118 1068 3160 extra
1096 3107 1268 3161 monasterii
1298 3123 1399 3160 muros
1429 3118 1494 3160 erat
1523 3106 1551 3159 in
1581 3103 1718 3160 aedificio
1748 3105 1897 3162 altissimo
1924 3119 1978 3161 ιιι

278 3215 372 3268 instar
395 3226 559 3279 exstructa,
585 3212 623 3270 cf.
649 3215 823 3289 Wegmayr,
849 3216 1069 3291 'I‘opographie
1093 3216 1147 3272 des
1172 3216 1409 3273 Admontthales.

407 3323 429 3401 ²)
455 3324 547 3381 Liber
572 3326 683 3382 traditt.
708 3327 917 3384 Gottricensis
941 3330 969 3383 in
992 3329 1107 3384 Fontes
1132 3347 1191 3384 rer.
1217 3328 1317 3384 Austr.
1343 3329 1423 3385 VIII.

405 3436 428 3516 3)
454 3440 486 3492 In
510 3438 695 3512 Necrologio
719 3440 882 3496 Mellicensi
908 3437 998 3517 (apud
1022 3441 1090 3507 Pez,
1115 3438 1226 3516 Script.
1252 3458 1310 3496 rer.
1332 3440 1434 3496 Austr.
1461 3437 1510 3516 11.)
1539 3439 1709 3516 complures
1733 3442 1870 3499 scolares
1893 3456 1922 3498 et
2000 3474 2017 3481 -

277 3549 372 3605 lastici
402 3552 602 3606 nominantur.
649 3551 695 3606 Ad
729 3569 778 3607 res
808 3552 1007 3609 scholasticas
1040 3551 1247 3608 reformandas
1278 3554 1392 3609 accitus
1423 3566 1469 3607 cst
1507 3568 1586 3625 1109
1619 3553 1820 3610 scholasticus
1847 3554 1976 3612 Adsit)

279 3660 520 3735 Bambcrgensis‚
545 3664 594 3737 qui
619 3676 691 3718 vota
714 3664 869 3720 sollemnia
893 3666 1000 3721 emisit.
1034 3663 1210 3739 Keiblinger
1234 3666 1253 3721 l.
1278 3684 1304 3721 c.

406 3772 427 3853 ⁴)
452 3775 574 3849 Honigl,
599 3774 782 3832 Gcschichte
806 3776 860 3832 des
884 3777 1096 3852 Gymnasiums
1119 3798 1154 3834 zu
1179 3776 1405 3834 Seitenstetten.

406 3887 427 3964 ⁵)
452 3889 564 3952 briem,
583 3886 766 3943 Geschichte
783 3908 842 3944 von
859 3889 1000 3946 Garsten.
1030 3891 1075 3945 Ex
1093 3893 1153 3946 vita
1169 3889 1199 3946 b.
1218 3889 1368 3946 Bertholrli
1386 3889 1544 3964 complura
1560 3889 1659 3944 afferri
1677 3903 1806 3963 possunt
1821 3908 2015 3963 argume

406 3995 428 4077 6)
451 3999 573 4056 Abbate
597 3999 739 4055 Conrado
763 4002 785 4056 Ι.
810 3997 1047 4079 (1222—1237)
1071 4004 1197 4077 primum
1221 4005 1371 4058 invenitur
1394 4004 1480 4058 huius
1504 4002 1627 4058 scholae
1651 4004 1818 4075 vestigium.
1856 4002 1931 4058 Nec

279 4126 296 4161 e
320 4107 418 4167 Sifridi
444 4113 481 4168 de
504 4109 632 4186 Alpibus
656 4113 818 4168 donatione
842 4117 1015 4170 monasterii
1040 4134 1063 4171 s,
1088 4115 1182 4180 Pauli,
1211 4116 1257 4170 cui
1283 4115 1404 4170 fratrem
1437 4114 1492 4183 „ad
1523 4115 1637 4170 litteras
1666 4114 1840 4172 discendas“
1874 4122 2000 4178 tradi

278 4220 411 4278 scholam
436 4224 475 4280 ibi
500 4225 652 4280 exstitisse
677 4224 861 4297 intelligitur.
894 4225 1106 4282 Ankershofen
1130 4226 1167 4282 ΙΙ.

407 4333 428 4411 7)
453 4336 674 4400 l’rennsteiner,
700 4335 883 4392 Geschichte
907 4336 960 4392 des
984 4336 1197 4411 Gymnasiums
1220 4358 1255 4393 zu
1280 4336 1438 4410 Saizburg.

408 4440 428 4520 8)
453 4446 629 4519 Pachmayr,
655 4445 757 4503 Series
780 4445 923 4502 abbatum
948 4461 977 4503 et
1001 4448 1211 4521 religiosorum
1236 4450 1335 4504 Crem.

407 4555 429 4633 ⁹)
453 4559 486 4613 In
511 4558 556 4612 his
580 4560 769 4614 monasteriis
794 4559 914 4614 scholas
937 4560 1029 4615 fuisse
1053 4573 1136 4634 patet
1160 4579 1196 4615 ex
1220 4559 1303 4617 libris
1327 4562 1518 4617 traditionum
1543 4563 1647 4617 horum
1673 4561 1932 4617 monasteriorum.

396 4667 429 4746 ιο)
453 4671 624 4742 Bergmann
648 4668 667 4724 l.
693 4689 718 4724 c.

396 4779 429 4857 Π)
454 4781 648 4847 Hohenauer,
674 4781 982 4854 Kircbengeschichte
1006 4800 1065 4836 uon
1091 4783 1236 4837 Kirnten.
