4088 6270
824 494 1048 556 —III—

196 733 337 805 Denuo
367 733 560 806 consilium
592 739 724 810 harum
759 738 965 811 litterarum
998 738 1178 812 historiae
1212 741 1511 814 conscribendae
1545 759 1697 838 captum
1734 761 1804 833 est,

81 933 153 981 cum
180 909 279 982 festa
307 910 518 983 saecularia
546 911 800 985 natalitiorum
828 938 857 985 s.
878 911 1012 998 Patris,
1042 913 1250 986 conditoris
1278 914 1418 988 ordinis
1447 940 1546 988 anno
1582 921 1679 990 1880
1706 919 1804 990 cele-

85 1086 215 1157 branda
244 1083 609 1180 adpropinquarent.

196 1261 262 1332 Ad
299 1260 396 1332 haec
429 1258 526 1330 enim
562 1219 759 1332 sollemnia
787 1259 902 1355 digne
930 1261 1085 1356 agenda
1122 1260 1262 1356 primus
1300 1262 1464 1334 omnium
1491 1265 1588 1337 Rev,
1616 1267 1666 1338 D.
1696 1266 1805 1339 Boni-

88 1435 188 1508 lacius
207 1433 401 1519 Wimmer,
432 1433 743 1530 congregationis
762 1433 1249 1508 Americano-Cassinensis
1266 1461 1427 1531 praeses
1445 1453 1655 1533 perpetuus
1674 1439 1806 1513 litteris

90 1611 127 1679 ad
151 1632 280 1681 omnes
308 1606 418 1679 huius
447 1605 587 1679 ordinis
616 1609 780 1680 abbates
819 1620 857 1680 et
892 1608 1136 1703 praepositos
1168 1609 1267 1681 datis
1301 1610 1526 1683 invitaverat
1555 1627 1704 1685 etcum
1734 1613 1807 1686 alia

90 1786 127 1856 ad
150 1782 383 1855 sollemnium
418 1783 537 1854 decus
574 1783 793 1878 augendum
828 1795 919 1877 apta
956 1797 1034 1854 tum
1071 1784 1145 1855 hoc
1181 1797 1457 1879 proposuerat,
1497 1798 1538 1857 ut
1575 1786 1808 1859 Benedictini

91 1957 200 2030 litteris
227 1982 385 2051 quoque
413 1958 548 2029 laudes
577 1982 626 2028 ss
655 1957 778 2029 Patris
811 1958 1008 2028 celebrare
1042 1955 1259 2052 ordinisque
1294 1956 1485 2030 historiam
1514 1958 1713 2033 inlustrare
1741 1963 1807 2034 ad·

93 2134 335 2227 graderentur.
375 2129 490 2223 Quod
510 2130 703 2203 consilium
723 2157 807 2202 cum
826 2129 1083 2225 compluribus
1103 2131 1319 2218 abbatibus
1340 2131 1403 2226 qui
1429 2137 1523 2223 1876
1544 2134 1808 2231 Salisburgum

94 2320 340 2391 convenerant,
370 2320 411 2378 ut
429 2307 526 2377 Rev.
546 2306 595 2377 D.
616 2304 765 2377 Alberti
784 2307 887 2377 Eder
907 2330 942 2378 ο.
965 2330 995 2378 s.
1015 2307 1056 2378 B.
1078 2304 1381 2401 Salisburgensis
1401 2307 1512 2380 electi
1531 2308 1809 2405 archiepiscopi

94 2479 238 2552 sollemni
264 2479 491 2551 interessent
510 2477 798 2566 consecrationi,
828 2481 1067 2573 probaretur,
1096 2480 1170 2551 hoc
1194 2504 1349 2574 quoque
1369 2482 1419 2551 ab
1438 2479 1571 2552 iisdem
1600 2482 1808 2577 expetitum

95 2670 146 2738 est,
171 2670 210 2725 ut
238 2654 395 2726 sodales
422 2652 530 2725 huius
559 2653 699 2726 ordinis
729 2656 779 2726 ad
798 2653 1063 2750 Ziegelbaueri
1083 2679 1180 2749 opus
1200 2657 1506 2749 persequendum
1527 2658 1808 2752 complendum-

95 2848 150 2916 que
175 2826 300 2898 studia
328 2850 399 2898 sua
425 2827 655 2922 laboresque
684 2825 910 2900 conferrent.

200 3001 345 3072 Verum
373 3013 499 3072 tamen
526 3001 634 3072 huius
663 3001 716 3073 rei
746 2999 988 3073 difficultates
1016 3026 1157 3097 magno
1178 3025 1297 3096 opere
1318 3004 1560 3098 augebantur
1587 3017 1806 3098 propterea,

94 3177 176 3266 quod
201 3190 333 3247 nostra
360 3173 539 3246 memoria
558 3173 822 3270 religiosorum
843 3174 1015 3247 ordinum
1035 3177 1202 3261 sodaleS,
1232 3200 1316 3247 cum
1335 3175 1559 3270 praesertim
1579 3176 1809 3249 monasteria

93 3345 154 3419 lere
180 3347 303 3419 omnia
331 3349 564 3419 alumnorum
592 3347 749 3442 penuria
777 3362 1006 3442 premantur,
1036 3347 1071 3419 in
1100 3373 1190 3419 cura
1219 3347 1423 3420 animarum
1453 3362 1491 3421 et
1519 3351 1808 3423 adolescentum

93 3524 282 3596 eruditione
310 3522 361 3595 ita
390 3537 476 3594 sunt
504 3520 692 3616 occupati,
722 3535 763 3593 ut
787 3546 874 3593 raro
895 3521 979 3616 quis
998 3521 1219 3608 inveniatur,
1249 3521 1308 3594 cui
1327 3524 1378 3594 ad
1397 3521 1516 3594 maius
1535 3523 1692 3617 aliquod
1711 3549 1808 3618 opus

91 3698 351 3793 suscipiendum
379 3694 479 3767 vires
509 3709 548 3768 et
575 3696 738 3790 spatium
766 3697 982 3790 subpetant.
1024 3695 1272 3768 Nihilominus
1292 3710 1429 3784 tamen,
1450 3721 1581 3769 amore
1602 3697 1743 3770 ordinis
1762 3722 1808 3769 ac

90 3894 129 3940 ss.
147 3871 263 3943 Patris
292 3870 350 3942 sui
378 3868 542 3955 honoris,
573 3869 635 3963 qui
664 3868 699 3940 in
727 3868 887 3964 gloriam
906 3868 982 3940 Dei
1011 3870 1135 3954 cedat,
1166 3868 1334 3964 augendi
1354 3870 1479 3941 studio
1501 3870 1604 3942 ducti
1622 3871 1695 3942 hoc
1714 3896 1807 3965 quo-

88 4068 149 4136 que
176 4047 441 4118 contexendae
469 4045 676 4117 litterarum
704 4042 883 4116 historiae
916 4042 1110 4115 consilium
1145 4068 1215 4138 pro
1249 4042 1340 4114 virili
1376 4058 1487 4138 parte
1522 4046 1808 4139 exsequendum

87 4218 206 4293 fratres
221 4219 453 4293 Benedictini
473 4233 735 4314 susceperunt,
757 4233 796 4289 et
810 4217 919 4289 huius
939 4216 1134 4289 moliminis
1153 4217 1300 4289 ratione
1320 4217 1355 4288 in
1371 4215 1648 4289 commentariis
1669 4215 1808 4288 diurnis

85 4392 444 4478 l'indobonensibus,
475 4394 579 4487 quod
602 4394 706 4482 „Das
722 4392 953 4463 Vaterland“
985 4389 1206 4475 inscribitur,
1237 4414 1365 4462 mense
1388 4390 1570 4485 Augusto
1597 4393 1692 4478 1878
1721 4413 1806 4483 pro-

81 4568 195 4660 posita
224 4569 276 4639 a'd
304 4567 401 4637 hanc
429 4590 506 4637 rem
536 4564 822 4637 deliberandam
852 4566 1066 4660 complures
1095 4590 1226 4638 eorum
1254 4588 1384 4636 mense
1403 4561 1610 4635 Decembri
1638 4561 1807 4633 eiusdem

79 4740 155 4812 anni
174 4741 446 4812 Vindobonam
474 4753 744 4811 convenerunt.
789 4737 960 4830 Quorum
988 4742 1145 4811 decreta
1173 4763 1256 4811 cum
1286 4737 1459 4809 omnibus
1487 4735 1692 4809 abbatibus
1719 4759 1807 4829 pro·

79 4915 161 4986 bata
189 4927 334 4997 essent,
364 4912 562 4984 multorum
589 4913 723 4984 labore
751 4910 956 5004 studioque
975 4912 1094 4983 hocce
1115 4935 1213 5005 opus
1233 4923 1428 4982 exaratum
1449 4922 1518 4994 est,
1548 4933 1624 5002 quo
1645 4907 1806 4980 omnium

76 5088 255 5160 sodalium
287 5087 380 5157 fines
407 5085 877 5181 Austriaco-Hungaricos
905 5084 1156 5176 incolentium,
1187 5083 1249 5178 qui
1278 5085 1328 5155 ab
1352 5107 1449 5154 anno
1476 5103 1574 5174 1750
1601 5081 1805 5154 litterarum

74 5265 303 5360 reliquerunt
332 5276 583 5346 monumenta,
604 5261 763 5333 vitarum
784 5259 989 5356 descriptio
1019 5284 1254 5353 operumque
1283 5272 1322 5330 et
1349 5256 1617 5350 impressorum
1638 5268 1676 5327 et
1695 5278 1807 5324 manu

72 5440 296 5535 scriptorum
326 5432 559 5507 enumeratio
589 5433 812 5506 continetur.
856 5433 928 5505 His
956 5432 1166 5527 praemissa
1186 5446 1245 5503 est
1264 5433 1312 5503 de
1332 5428 1472 5502 ordinis
1491 5428 1526 5499 in
1546 5427 1678 5501 iisdem
1699 5426 1806 5500 terris

1568 5547 1600 5596 all*
