4034 6262
147 127 265 175 nomen
297 112 396 183 dare
424 109 617 174 constituit.
652 108 705 171 Ea
731 128 817 173 vero
844 111 986 172 sublata
1024 117 1028 160 1

149 243 243 315 atque
277 232 489 315 exstincta,
520 253 599 296 curn
629 233 852 314 propositum
884 251 986 296 exse·

151 355 200 440 qui
213 373 290 418 non
308 366 451 438 posset,
467 323 736 419 universitatem
743 355 985 419 Viennensem

152 478 239 559 adiit,
262 477 428 541 animum
449 477 675 560 politioribus
695 477 823 541 litteris
846 479 892 540 ad
912 498 985 541 ma·

152 603 219 664 iota
234 601 363 664 studia
383 600 455 663 iam
475 600 563 662 satis
586 610 848 682 praeparatum,
873 600 986 681 philo-

153 723 298 804 sophiae
316 722 516 804 disciplinis
533 725 749 785 exculturus.
774 723 880 785 Anno
905 743 986 803 1774

154 847 207 909 die
228 853 278 911 13.
295 847 389 910 Nov.
406 847 560 927 indutus,
577 868 607 923 4.
624 844 728 909 Mart.
750 850 826 924 1781
843 847 986 908 'sollem-

153 990 231 1033 nem
248 969 511 1053 professionem
533 968 658 1031 emisit.
683 968 913 1031 Litteralibus
934 968 1001 1057 di'.

153 1092 315 1173 sciplinis
332 1091 479 1174 egregie
496 1090 679 1153 institutus
694 1100 831 1152 mature
852 1089 919 1153 fuit
940 1091 985 1152 ad

153 1215 336 1277 docendos
352 1214 442 1276 alios
457 1212 646 1275 adhibitus.
671 1211 761 1274 Nam
775 1222 856 1294 post
868 1212 987 1294 primi·
1025 1244 1027 1281 Ι

152 1337 220 1399 tias
242 1336 301 1398 die
318 1341 349 1399 3.
368 1333 447 1398 Oct.
468 1338 545 1413 1781
570 1335 720 1416 oblatas,
742 1334 778 1396 in
799 1337 987 1417 gymnasio

153 1456 355 1520 Mellicensi
372 1455 532 1519 Graecae
548 1456 692 1539 linguae
709 1468 745 1520 et
756 1458 987 1520 humanitatis

153 1580 338 1663 professor
359 1580 573 1643 constitutus
596 1580 678 1661 fuit,
705 1599 819 1661 eoque
842 1601 987 1645 munere

153 1723 219 1786 per
235 1703 394 1785 quinque
410 1721 523 1764 annos
542 1701 686 1765 functus
707 1704 900 1766 translatus
920 1703 987 1767 fuit

159 1830 239 1906 1786
262 1827 309 1889 ad
330 1824 600 1888 universitatem
620 1825 868 1888 Pestinensem
887 1829 988 1889 theo·

153 1948 288 2031 logiam
297 1947 513 2030 pastoralem
522 1947 728 2029 traditurus
738 1949 794 2011 cui
803 1959 886 2031 post
898 1951 988 2013 duos

154 2089 268 2133 annos
284 2070 490 2132 valedicens
505 2069 541 2131 in
554 2069 647 2134 univ.
657 2070 851 2134 Viennensi
868 2074 987 2134 cathe-

155 2194 255 2255 dram
271 2191 476 2273 theologiae
493 2191 635 2253 moralis
649 2193 856 2255 conscendit
872 2203 908 2256 et
923 2214 989 2277 per

156 2333 269 2377 annos
295 2335 333 2375 22
360 2313 504 2395 ingenio
528 2323 564 2376 et
585 2314 745 2377 doctrina
769 2316 917 2379 ornavit.
947 2317 988 2379 In

155 2436 352 2519 praemium
376 2435 488 2499 felicis
512 2445 548 2499 et
571 2436 752 2519 diligentis
777 2438 987 2521 disciplinae

155 2559 297 2622 nomine
331 2559 553 2643 „Consiliarii
583 2559 766 2642 regiminis
797 2562 985 2625 Austriae“

1153 112 1190 168 II.
1208 112 1461 188 Rechtfertigung
1477 112 1530 169 des
1544 111 1704 168 Professor
1716 108 1895 184 Reyberger

1065 234 1165 291 gegen
1181 216 1230 274 die
1245 216 1304 273 ihm
1316 216 1535 292 allergnadigst
1547 216 1763 292 mitgetheilten
1772 218 1895 273 Bemer·

1066 321 1186 397 kungen
1203 320 1278 378 iiber
1299 323 1363 379 sein
1379 320 1541 379 Lehrbuch
1563 321 1617 378 der
1632 321 1894 396 Moralthcologie.

1065 422 1095 504 (i.
1111 444 1137 483 e.
1153 428 1297 502 Purgatio
1315 426 1447 483 eiusdem
1465 427 1565 502 quoad
1585 425 1690 482 librum
1712 427 1896 502 praeceden-

1066 528 1146 610 tem.)
1162 531 1262 599 Wien‚
1276 548 1305 605 9.
1317 533 1386 589 Oct.
1401 530 1491 588 1801.
1508 531 1564 588 Ms.
1582 534 1610 587 in
1626 530 1809 589 bibliotheca
1822 531 1896 586 Mel-

1067 636 1180 693 licensi.
1198 635 1264 693 Pol.
1283 652 1323 708 24
1340 656 1369 712 p.

1153 741 1204 798 111.
1234 742 1439 798 institutiones
1467 742 1584 798 ethicae
1611 743 1811 808 christianae,
1842 761 1896 797 seu

1066 846 1239 920 theologiae
1256 846 1389 913 moralis,
1406 846 1510 904 usibus
1525 845 1707 902 academicis
1724 846 1895 902 adcommo-

1066 951 1163 1007 datae.
1177 966 1195 1023 3
1207 951 1470 1021 tomuli‚Viennae‚
1482 949 1702 1023 1805-1809,
1712 950 1792 1025 apud
1803 951 1897 1006 Caro-

1067 1056 1124 1111 lum
1142 1055 1362 1112 Ferdinandum
1380 1055 1470 1111 Beck.
1495 1054 1536 1111 8⁰.
1560 1056 1592 1110 In
1610 1056 1704 1111 lucem
1722 1055 1899 1130 prodierunt
2008 1053 2010 1057 ’

1068 1173 1129 1216 tres
1146 1160 1304 1226 editiones,
1327 1159 1459 1216 secunda
1480 1157 1570 1231 1813,
1594 1161 1682 1216 tertia
1704 1158 1794 1233 1819,
1816 1174 1897 1215 utra·

1067 1283 1126 1339 que
1142 1266 1295 1319 inmutata.
1695 1318 1701 1331 ,

1154 1369 1203 1425 IV.
1231 1369 1353 1444 Prcdigt
1376 1368 1452 1426 iiber
1473 1370 1571 1426 Psalm
1592 1372 1726 1437 CXXVI,
1752 1372 1829 1427 Vers
1846 1372 1896 1428 IV.

1067 1474 1217 1531 Gebalten
1242 1476 1270 1529 in
1294 1474 1348 1530 der
1372 1475 1483 1530 Kirche
1509 1473 1563 1530 des
1588 1475 1898 1532 Benedictinerstiftes

1067 1578 1236 1653 Altcnburg
1258 1552 1600 1657 in-Niedprdsterreich,
1622 1580 1680 1655 bey
1698 1580 1899 1655 Celegenheit

1067 1685 1121 1741 der
1145 1684 1327 1761 Jubelseier,
1356 1685 1470 1741 welche
1498 1685 1551 1740 der
1578 1686 1795 1760 hochwiirdige
1821 1687 1899 1742 Herr

1068 1789 1211 1846 Berthold
1225 1789 1394 1864 Reisinger‚
1410 1789 1455 1845 als
1470 1789 1714 1864 fiinszigjrihriger
1725 1790 1786 1846 Aht
1799 1791 1899 1847 dieses

1069 1894 1184 1962 Sortes,
1201 1914 1247 1950 arn
1267 1908 1317 1951 20.
1335 1895 1419 1969 April
1441 1893 1520 1951 1818
1537 1894 1659 1969 beging.
1684 1893 1712 1972 (i.
1735 1914 1760 1950 e.
1783 1896 1898 1951 Concio

1068 2018 1161 2076 super
1170 2000 1315 2075 psalmum
1324 1997 1472 2077 CXXVI.)
1485 1999 1584 2067 Wien,
1594 1998 1642 2055 bei
1653 2000 1753 2055 Anton
1764 1997 1899 2056 Strauss.

1070 2103 1112 2162 8⁰.
1135 2119 1173 2178 27
1192 2123 1221 2180 p.

1155 2209 1191 2265 V.
1208 2207 1416 2265 Memorabilia
1431 2207 1574 2267 abbatiae
1586 2209 1768 2266 Mellicensis
1785 2210 1899 2266 ordinis

1069 2334 1093 2370 s.
1103 2278 1257 2370 Benedicti
1270 2313 1430 2370 industria
1443 2313 1585 2370 inferiori.
1599 2315 1623 2369 F
1625 2314 1664 2370 ol.
1678 2315 1734 2369 Ms.
1748 2317 1776 2370 in
1789 2312 1899 2371 biblio-

1068 2420 1157 2476 theca
1172 2418 1348 2474 Mellicensi.

1157 2545 1357 2643 Reznydk
1371 2560 1823 2623 AlbertusLudovicus
1838 2562 1900 2641 (de

155 2684 358 2763 decoratus,
376 2683 611 2745 concordibus
628 2701 741 2765 prope
759 2685 902 2747 modum
920 2685 989 2747 fra·
1027 2662 1030 2719 Ι
1068 2698 1095 2742 s.
1109 2677 1252 2740 Monte
1265 2678 1529 2760 Pannoniae),
1544 2680 1579 2742 in
1588 2679 1797 2762 N.-Ladony
1810 2699 1898 2742 com.

154 2816 247 2868 trum
280 2803 460 2887 suffragiis
494 2805 552 2868 die
581 2825 609 2884 7.
638 2807 728 2871 Nov.
762 2811 843 2870 1810
875 2810 989 2870 abbas

154 2927 374 2991 Mellicensis
386 2928 521 2991 electus
531 2939 596 3009 est,
610 2928 729 2991 multis
742 2939 778 2991 et
790 2930 929 3011 magnis
942 2950 988 2993 ex

154 3049 221 3112 illis
233 3049 427 3113 virtutibus
440 3059 594 3132 ornatus,
609 3070 701 3131 quae
714 3051 912 3132 perfectum
926 3055 989 3114 ab·

153 3174 275 3235 batem
298 3173 428 3235 decent
449 3182 484 3235 et
504 3181 642 3237 ornant.
670 3174 792 3237 Pietas
814 3174 890 3236 eius
912 3185 989 3238 erat

154 3295 297 3378 integra
318 3303 355 3357 et
375 3288 474 3376 uera,
498 3295 585 3357 nihil
604 3294 688 3377 ficti,
714 3295 798 3358 nihil
824 3297 987 3378 simulati,

153 3416 332 3479 modestia
353 3418 526 3480 adversus
549 3437 704 3481 summos
725 3429 761 3482 et
781 3418 927 3502 infimoS,
952 3419 988 3482 in

154 3538 250 3602 omni
265 3537 342 3601 vita
357 3539 517 3620 gravitas
532 3548 733 3621 temperata
754 3543 909 3625 eleganti
924 3543 988 3605 hu-

154 3661 338 3743 manitate,
348 3681 483 3724 summa
495 3682 630 3726 morum
642 3664 804 3746 probitas
817 3674 924 3746 atque
936 3665 987 3728 in·

154 3772 319 3868 tegritas.
343 3784 421 3847 Hac
437 3785 572 3868 ingenii
588 3785 766 3868 animique
781 3787 911 3869 indole,
932 3787 987 3849 his

155 3905 322 3988 moribus,
331 3905 386 3968 his
395 3905 585 3970 virtutibus
597 3906 786 3971 fuitabbas
795 3908 985 3990 AntoniuS,

157 4048 258 4111 quem
275 4029 336 4092 die
353 4033 382 4092 3.
397 4027 476 4094 Oct.
493 4034 574 4093 1818
587 4030 682 4093 vitae
694 4031 798 4094 huius
814 4030 984 4094 molestiis

156 4150 345 4254 liberatum
361 4153 406 4213 ad
422 4151 576 4214 melioris
592 4152 688 4215 vitae
710 4153 842 4234 gaudia
862 4153 982 4216 divina

157 4272 382 4354 providentia
397 4275 583 4336 traducere
600 4273 723 4337 voluit.
747 4272 915 4357 Scripsit:

237 4473 261 4529 1.
279 4469 522 4546 Systematische
539 4471 704 4546 Anleitung
725 4491 777 4529 zur
794 4473 987 4530 christlichen

156 4568 348 4643 Sittenlehre,
365 4575 441 4632 oder
455 4576 721 4652 Moraltheologie.
743 4573 773 4656 (i.
791 4595 817 4634 e.
836 4579 987 4634 Institutio

151 4682 185 4740 ad
200 4683 338 4741 ethicam
355 4678 567 4762 christianam.)
595 4697 620 4739 1.
637 4682 691 4738 Bd.
708 4681 808 4750 Wien,
830 4695 921 4755 1794,
937 4681 987 4738 bei

148 4780 306 4846 Christian
329 4783 486 4842 Friedrich
503 4785 661 4864 Wappler.
685 4785 803 4843 Tomus
826 4786 904 4841 alter
928 4803 987 4841 non

140 4881 175 4948 in
192 4893 296 4950 lucem
314 4889 439 4966 prodiit.

1069 2799 1219 2882 Sopron.
1236 2802 1271 2865 in
1287 2802 1473 2885 Hungaria
1489 2802 1546 2864 die
1565 2823 1614 2880 24.
1632 2803 1721 2864 Nov.
1740 2807 1820 2881 1849
1837 2823 1898 2864 na-

1068 2935 1135 3006 tus,
1150 2945 1176 2986 s.
1191 2925 1315 2988 habitu
1328 2925 1385 2987 die
1400 2930 1429 2989 8.
1443 2923 1543 3007 Sept.
1557 2929 1637 3004 1809
1650 2925 1804 2995 indutus
1815 2936 1900 2987 vota

1069 3048 1252 3110 sollemnia
1275 3048 1333 3111 die
1359 3070 1409 3112 22.
1432 3049 1495 3111 Iul.
1523 3054 1602 3126 1874
1628 3050 1752 3112 emisit.
1782 3048 1900 3110 Abso-

1068 3171 1152 3233 lutis
1176 3172 1211 3233 in
1235 3192 1262 3233 s,
1279 3182 1399 3234 monte
1420 3192 1446 3233 s.
1468 3172 1670 3254 theologiae
1693 3170 1819 3233 studiis
1842 3171 1900 3232 die

1070 3315 1097 3356 2.
1117 3295 1213 3376 Aug.
1234 3298 1313 3373 1875
1339 3295 1528 3376 presbyter
1549 3294 1731 3356 ordinatus
1754 3302 1827 3365 est;
1853 3312 1900 3355 ex

1069 3434 1138 3497 quo
1155 3425 1315 3498 tempore
1332 3417 1454 3498 Papae
1470 3435 1583 3497 usque
1605 3417 1649 3478 ad
1666 3436 1795 3477 annum
1818 3419 1898 3494 1879

1068 3537 1248 3620 professor
1263 3557 1396 3620 gymn,
1416 3539 1483 3600 hoc
1500 3543 1592 3601 anno
1609 3539 1654 3599 ad
1671 3538 1897 3619 gymnasium

1069 3659 1309 3743 Soproniense
1326 3661 1517 3724 translatus
1534 3671 1597 3724 est.
1623 3658 1787 3742 Scripsit:

1155 3786 1198 3843 Az
1214 3785 1335 3863 isjusaigi
1352 3786 1510 3843 iratokrdl.
1533 3782 1562 3865 (i.
1580 3805 1606 3842 e.
1628 3787 1675 3843 De
1696 3785 1779 3843 libris
1796 3789 1898 3842 iuven·

1068 3896 1122 3950 tuti
1135 3888 1313 3970 destinatis)
1325 3892 1359 3947 In
1371 3909 1476 3966 progr.
1489 3910 1590 3966 gymn.
1604 3893 1750 3967 Papensis
1769 3890 1847 3965 1878
1851 3890 1895 3970 sp.

1069 3998 1111 4055 8⁰.
1128 3995 1236 4069 3-26
1253 4015 1282 4072 p.

1153 4144 1328 4218 Ribbele
1351 4153 1575 4217 Mauritius
1602 4154 1811 4236 (princeps
1833 4157 1899 4216 ab·

1067 4276 1142 4336 bas
1157 4272 1503 4355 San-Blasianus)‚
1513 4285 1618 4336 natus
1631 4284 1686 4335 est
1698 4274 1735 4336 in
1743 4273 1899 4336 Wolfert

1068 4397 1103 4459 in
1125 4397 1286 4459 Brabant
1309 4395 1365 4458 die
1387 4402 1438 4460 30.
1460 4396 1535 4458 Iun.
1560 4415 1655 4474 1740;
1682 4396 1898 4458 sollemniter

1067 4518 1251 4600 professus
1278 4519 1336 4581 die
1363 4525 1415 4582 30.
1442 4518 1532 4581 Nov.
1566 4523 1665 4598 ¹759}
1693 4519 1895 4582 sacerdotio

1067 4641 1225 4704 initiatus
1241 4642 1299 4704 die
1316 4663 1365 4705 22.
1384 4640 1484 4724 Sept.
1506 4646 1596 4721 1764.
1621 4643 1691 4704 Per
1703 4643 1824 4725 plures
1837 4661 1898 4702 an-

1067 4783 1132 4826 nos
1152 4763 1363 4847 registrator
1383 4763 1588 4827 monasterii
1610 4774 1646 4827 et
1666 4762 1897 4843 archivarius‚

1067 4885 1210 4967 optimis
1230 4885 1358 4949 litteris
1382 4887 1550 4969 eruditus,
1574 4886 1609 4949 in
1625 4885 1748 4967 primis
1771 4884 1899 4947 studiis

1642 5003 1674 5053 47
