4034 6262
640 517 921 586 ...99-

124 722 133 764 1
146 711 184 765 ut
198 720 272 764 rem
285 700 491 764 monasterii
507 711 591 764 tunc
603 711 740 782 tempo-

124 824 266 887 niseram
286 823 358 887 cito
382 842 565 906 emergere
589 833 740 888 curaret.

126 945 187 1010 cin
196 965 234 1008 re
243 956 346 1009 tanta
357 945 594 1010 sollicitudine
607 946 742 1028 talique

124 1078 158 1131 ut
177 1087 271 1131 anno
292 1073 370 1132 1833
388 1067 510 1131 turrim
526 1068 742 1151 monasterii,

134 1194 224 1273 1820,
240 1190 386 1254 fulmine
399 1189 523 1271 petita,
539 1190 742 1272 liquefactis

124 1338 130 1376 1
141 1290 279 1377 summo
291 1331 405 1394 usque
417 1313 463 1375 ad
476 1312 583 1375 imum
595 1324 743 1394 perusta

124 1455 141 1497 s
154 1434 355 1516 sumptibus
367 1434 572 1498 restitueret
589 1443 625 1497 et
641 1443 743 1515 quat-

127 1557 310 1638 campanis
330 1557 471 1639 ditaret,
495 1566 605 1638 atque
620 1558 667 1619 ad
684 1557 743 1619 de-

124 1735 125 1740 ,
143 1678 380 1760 perniciosam
401 1678 557 1742 fulminis
573 1679 644 1741 vim
664 1698 743 1759 per·

124 1820 191 1865 ram
214 1801 363 1881 cuspide
386 1803 559 1864 deaurata
579 1801 669 1884 erigi
685 1821 744 1864 cu·

124 1934 279 2007 agratam
289 1923 396 1986 etiam
408 1924 550 1987 domum
559 1924 744 2005 parochia-

125 2047 209 2109 hola
217 2045 253 2108 in
262 2045 429 2108 Ludweis
437 2046 594 2109 restituit
606 2055 642 2110 et
651 2066 744 2109 com-

137 2167 173 2231 in
197 2167 386 2231 utilitatem
414 2168 620 2230 monasterii
648 2168 744 2232 fecit.

124 2289 256 2353 emoria
272 2289 411 2372 dignus
428 2289 486 2352 die
504 2310 554 2354 21.
570 2289 643 2352 Ian.
662 2289 745 2352 anni

124 2461 127 2472 .
143 2411 318 2475 discessit.

125 2535 152 2597 it
167 2535 368 2616 sequentia:

126 2660 226 2718 edion.
250 2660 388 2717 Manibus
404 2660 573 2718 dedicatum
589 2651 744 2718 Reveren-

124 2765 232 2822 llustris
245 2784 281 2822 ac
290 2764 473 2842 Amplissimi
485 2761 609 2823 Domini
622 2766 743 2823 Domini

124 2872 262 2945 eisinger.
286 2868 415 2927 Abbatis
443 2871 616 2927 monasterii
640 2871 744 2927 Alteri·

125 2977 272 3050 guissimi‚
295 2974 409 3031 Sacrae
428 2975 516 3031 Caes.
540 2970 616 3050 Reg.
634 2975 743 3051 Apost.

124 3081 174 3136 arii
199 3098 255 3135 nec
278 3098 338 3135 non
364 3081 489 3154 insignis
510 3080 598 3136 Caes.
621 3079 696 3136 Ord.
717 3098 742 3136 s.

126 3186 206 3241 uitis.
227 3185 372 3250 Viennae,
387 3181 742 3260 typisAntoniiStrauss.

124 3394 243 3450 :inctum
260 3393 432 3450 Chronicon
445 3395 676 3469 praecipuorum
688 3392 743 3449 do·

132 3494 162 3575 (i.
174 3516 200 3554 e.
212 3495 475 3576 Altenburgensis)
493 3511 709 3554 momentorum
726 3516 743 3554 e

124 3601 253 3658 zabularii
270 3604 366 3658 nostri
389 3615 573 3678 excerptum.
598 3603 741 3669 Viennae,

124 3708 260 3780 :gationis
273 3706 555 3762 Mechitharisticae.
582 3705 672 3779 1839.
698 3713 741 3779 4⁰.

125 3879 398 3945 rGeroldus
422 3882 465 3944 ΙΙ.
492 3881 743 3963 (Princeps-

124 3998 254 4080 111315),
278 3999 314 4061 111
335 4000 449 4062 lucem
471 4001 588 4063 editus
605 4010 660 4064 est
676 4002 743 4065 Lu-

137 4125 183 4184 13.
200 4120 288 4184 Maii
310 4141 399 4204 1729,
421 4122 515 4184 votis
531 4142 570 4184 se
585 4122 665 4185 Deo
682 4126 743 4186 ob·

127 4241 232 4307 .Oct.
255 4247 345 4323 1746,
365 4244 524 4306 ordinem
540 4246 743 4308 sacerdota·

123 4374 139 4428 t
153 4365 211 4428 die
225 4384 275 4427 20.
289 4365 375 4427 Maii
393 4369 483 4445 1752.
507 4366 654 4429 Relicto
666 4365 743 4429 offi-

124 4487 190 4550 0ris
203 4497 239 4548 et
248 4487 511 4550 bibliothecarii
521 4488 743 4552 administra-

124 4628 156 4671 1s
180 4627 394 4671 oeconomus
420 4612 515 4672 bona
538 4610 744 4673 monasterii

124 4750 172 4793 en.
196 4729 265 4792 Die
280 4749 366 4792 vero
388 4751 434 4809 19.
451 4731 526 4793 Iun.
549 4736 627 4812 1776
649 4732 743 4811 prin·

135 4853 271 4915 electus
282 4864 337 4915 est
349 4853 514 4934 rexitque
524 4854 616 4915 ultra
629 4857 670 4915 33
683 4873 744 4916 an·

136 4985 363 5055 praesentem
374 4944 501 5037 cfausit
510 4974 567 5037 die
582 4994 629 5052 14.
638 4975 742 5038 Febr.

132 5096 313 5178 ingentem
335 5096 429 5159 illam
441 5097 612 5159 fabricam
624 5116 744 5159 mona·

124 5217 237 5298 tinxit,
255 5237 346 5298 quae
361 5218 553 5281 hodiedum
570 5218 743 5300 conspici-

124 5359 185 5421 que
208 5341 384 5421 permulta
409 5341 553 5422 scripsit
577 5351 613 5403 et
636 5340 743 5403 scribi

124 5480 180 5524 rae
203 5482 295 5525 nunc
319 5462 353 5525 in
376 5463 508 5525 archiv.
527 5461 743 5545 Argoviensi

820 699 1026 781 retinentur,
1042 701 1094 765 uti
1106 721 1137 768 e.
1150 724 1203 786 gr.
1216 701 1421 785 Schodeler,
1437 722 1553 767 rerum
1565 703 1650 767 Hel-

820 822 1016 886 veticarum
1031 823 1190 908 historia,
1208 836 1244 888 et
1259 826 1358 888 varia
1373 845 1484 907 opera
1496 825 1536 888 P.
1549 825 1651 888 Mau-

821 944 892 1008 ritii
907 965 977 1009 van
999 948 1062 1009 der
1076 947 1178 1011 Meer
1198 950 1243 1011 de
1264 949 1487 1012 monasteriis
1504 948 1651 1013 Seckin·

821 1086 904 1150 gen,
924 1069 1228 1133 Katharinenthal
1247 1080 1283 1134 et
1300 1073 1345 1134 de
1362 1072 1652 1155 congregationis

822 1190 1033 1254 Helveticae
1055 1191 1140 1255 viris
1163 1191 1381 1256 inlustribus.
1416 1194 1609 1257 Praeterea
1633 1213 1653 1256 e

822 1313 989 1376 thesauro
1027 1313 1236 1377 eruditionis
1276 1333 1362 1377 suae
1399 1316 1580 1396 complura
1617 1316 1653 1379 in

823 1432 966 1515 scriptis
981 1434 1137 1516 reliquit:

910 1560 932 1616 l.
946 1559 1082 1617 Litterae
1095 1560 1266 1627 familiares,
1277 1579 1354 1637 quas
1366 1561 1449 1619 dedit
1462 1562 1510 1619 vel
1523 1565 1652 1639 accepit.

823 1664 920 1737 4vol.
942 1683 1008 1722 cum
1029 1666 1100 1722 circ.
1126 1662 1190 1723 800
1206 1684 1235 1741 p.
1261 1667 1294 1722 ln
1316 1667 1429 1724 archiv.
1446 1667 1652 1725 Muto-Gries.

910 1769 946 1826 11.
960 1769 1130 1846 Dispositio
1146 1769 1184 1826 ad
1200 1769 1446 1827 moribundorum
1463 1786 1653 1829 sacramenta

824 1872 1030 1949 suscipienda;
1048 1887 1134 1931 actus
1148 1888 1178 1931 et
1190 1876 1335 1933 exercitia
1346 1875 1384 1931 ad
1395 1873 1514 1932 beatam
1528 1891 1653 1933 mortem

824 1977 956 2035 obeund.
980 1976 1023 2035 8⁰.
1047 1977 1111 2051 306
1132 1998 1161 2055 p.
1187 1979 1220 2035 In
1243 1978 1316 2037 bibl.
1337 1979 1552 2037 Mum-Gries.
1578 1981 1654 2037 Cod.

826 2098 854 2139 2.
915 2124 922 2138 .

871 2096 963 2244 44Ill.
985 2186 1194 2257 Eruditiones,
1211 2187 1365 2256 historiae,
1383 2187 1511 2255 fabulae,
1533 2202 1654 2247 senten·

824 2293 893 2358 tiae,
906 2290 996 2357 dicta,
1010 2290 1098 2358 facta,
1112 2310 1201 2359 nova,
1215 2305 1330 2359 vetera,
1343 2294 1459 2361 iocosa,
1469 2296 1559 2362 seria,
1570 2297 1653 2361 mira,

824 2395 966 2463 inaudita,
984 2393 1107 2466 urbana,
1121 2398 1243 2454 rustica.
1265 2397 1453 2454 Miscellania
1470 2417 1537 2455 cum
1555 2399 1654 2457 indice

825 2503 1026 2558 materiarum.
1043 2506 1088 2574 4⁰.
1104 2500 1168 2575 406
1185 2521 1215 2578 p.
1232 2500 1307 2559 Ibid.
1326 2518 1354 2559 2.
1376 2501 1423 2559 18.

911 2606 961 2664 IV.
978 2607 1214 2664 Exhortationes
1231 2604 1273 2664 80
1289 2605 1326 2662 ad
1343 2621 1522 2663 conventum
1535 2608 1654 2664 Muren-

824 2728 897 2779 sem‚
915 2712 1060 2769 moniales
1077 2711 1229 2768 Hermetis
1246 2710 1345 2777 villae,
1368 2709 1405 2767 ad
1421 2713 1564 2777 novitios,
1581 2730 1654 2768 neo·

825 2814 994 2891 professos,
1013 2830 1029 2872 2
1047 2815 1107 2872 vol.
1125 2822 1167 2888 40.
1184 2829 1248 2889 570
1265 2835 1294 2892 p.
1313 2815 1389 2872 Ibid.
1407 2831 1436 2873 2.
1458 2831 1504 2889 19,
1524 2830 1573 2873 20.

910 2919 946 2977 V.
971 2918 1133 2977 Sermones
1153 2919 1192 2975 ad
1213 2919 1355 2996 populum
1379 2922 1408 2976 in
1429 2919 1531 2995 lingua
1545 2938 1654 2976 verna·

824 3025 891 3082 cula
912 3039 964 3099 52.
989 3023 1064 3082 Ibid.
1088 3024 1164 3082 Cod.
1187 3040 1303 3098 1.109.
1327 3025 1409 3082 inter
1428 3025 1484 3082 hos
1505 3026 1655 3082 invenitur

824 3147 924 3187 sermo
941 3131 970 3185 in
985 3131 1123 3206 primitiis
1141 3129 1242 3187 fratris
1258 3131 1304 3186 sui
1317 3128 1460 3187 Germani
1477 3142 1585 3206 postea
1601 3129 1655 3187 ab·

822 3230 902 3289 batis
919 3232 1139 3290 Rhenoviensis
1156 3233 1300 3290 Bemardi
1316 3234 1369 3291 111.

909 3378 1655 3473 MickLambertus(Scotensis),Vien·

823 3529 891 3571 nae
906 3507 942 3570 in
959 3507 1106 3572 Austria
1124 3508 1181 3571 die
1199 3509 1429 3588 24.Iun.1763
1447 3520 1561 3592 natus
1575 3529 1654 3573 cum

823 3630 880 3693 die
898 3634 947 3693 28.
965 3629 1045 3694 Oct.
1067 3634 1148 3710 1780
1168 3632 1379 3694 adolescens
1399 3631 1654 3712 septemdecim

823 3771 995 3815 annorum
1011 3773 1038 3815 s,
1055 3752 1181 3815 habitu
1197 3760 1293 3816 esset
1309 3753 1464 3835 indutus,
1482 3754 1655 3816 absolutis

823 3886 1073 3938 sacrosanctae
1090 3875 1292 3958 theologiae
1304 3876 1432 3938 studiis
1445 3878 1653 3938 catechetae

823 3997 858 4059 in
874 3997 1044 4078 parochia
1060 3998 1265 4061 monasterii
1277 4018 1403 4060 munus
1415 3997 1534 4062 subiit.
1548 3998 1654 4062 Votis

823 4139 908 4182 vero
936 4118 1154 4182 sollemniter
1180 4120 1395 4201 nuncupatis
1419 4120 1477 4182 die
1503 4141 1553 4199 ²9·
1578 4120 1653 4184 Iun.

829 4247 907 4321 1788
917 4241 1119 4305 sacerdotio
1130 4241 1362 4324 inauguratus
1371 4252 1427 4304 est
1436 4242 1494 4304 die
1505 4241 1653 4325 15.Aug.

828 4368 918 4444 1788.
932 4363 1045 4426 Paulo
1054 4373 1136 4445 post
1148 4373 1335 4445 neomysta
1348 4373 1561 4444 cooperator
1572 4364 1654 4425 mis-

823 4506 884 4549 sus
893 4495 949 4548 est
961 4487 1006 4548 ad
1016 4485 1221 4567 parochiam
1234 4485 1269 4548 in
1278 4485 1491 4568 Eggendorf
1499 4485 1535 4548 in
1550 4487 1653 4569 valle,

823 4610 917 4672 unde
933 4627 1016 4670 mox
1032 4608 1067 4669 in
1080 4607 1333 4670 monasterium
1345 4609 1470 4691 redux,
1488 4609 1602 4672 curati
1618 4621 1654 4672 et

823 4730 1083 4795 concionatoris
1098 4729 1261 4792 matutini
1278 4729 1515 4811 (1703-1800)
1537 4731 1655 4795 officio

822 4853 966 4916 functus
988 4861 1052 4915 est.
1082 4853 1143 4914 Ad
1165 4853 1259 4933 quod
1282 4853 1488 4936 magisterio
1512 4873 1654 4937 quoque

823 4974 1035 5038 novitiorum
1052 4982 1230 5054 susceptu,
1254 4994 1332 5037 cum
1353 4976 1448 5038 idem
1469 4976 1655 5039 conciona-

824 5106 880 5159 tor
896 5095 1116 5158 dominicalis
1131 5114 1281 5159 necnon
1294 5096 1469 5160 festivalis
1482 5108 1518 5160 et
1530 5098 1655 5161 biblio-

824 5219 1003 5282 thecarius
1021 5223 1102 5281 1800
1114 5218 1324 5300 designatus
1338 5230 1444 5301 esset,
1457 5229 1579 5301 partes
1593 5239 1655 5282 eas

825 5341 972 5423 egregie
994 5341 1160 5404 sustinuit
1181 5360 1420 5423 magnamque
1444 5362 1489 5405 ex
1514 5342 1557 5404 iis
1581 5363 1654 5405 mu-

824 5463 969 5526 neribus
984 5463 1126 5526 laudem
1142 5461 1272 5526 retulit.
1295 5463 1402 5526 Anno
1423 5467 1501 5541 1804
1519 5462 1654 5544 primus

1371 5576 1376 5587 ,
1391 5569 1442 5628 33,
