4034 6262
1074 495 1117 503 -
1161 458 1293 520 XXVI
1338 495 1380 505 -

361 684 583 767 principibus
598 685 699 766 large
716 685 1014 765 concedebantur,
1030 692 1106 746 tum
1122 703 1164 745 ea
1180 703 1218 745 re
1234 687 1488 766 augescebant,
1513 686 1609 765 quod
1626 685 1776 767 singulis
1792 685 2000 749 monasterii

361 834 562 907 praeerant,
586 824 646 906 qui
669 823 788 886 animo
810 822 1024 885 sanctissimi
1047 823 1160 904 patris
1183 822 1320 903 perfusi
1343 833 1380 885 et
1402 822 1606 885 muneribus
1630 824 1703 886 suis
1726 823 1957 907 integerrime
1974 823 2013 887 fu

361 967 494 1026 bantur
516 973 552 1026 et
573 961 691 1025 officia
718 961 866 1024 fratrum
897 962 1080 1043 sapienter
1108 962 1357 1044 disponebant.
1396 942 1502 1025 Tales
1533 962 1676 1025 fuerunt
1698 963 1903 1026 Fridericus
1926 965 1974 1026 de
2012 982 2017 997 ·

361 1103 422 1185 qui
446 1102 660 1165 monasterio
676 1121 703 1164 s.
721 1101 872 1183 Agapiti
889 1100 1144 1163 Cremifanensi
1167 1102 1248 1181 plus
1264 1110 1345 1164 octo
1365 1102 1477 1164 lustra
1493 1103 1732 1183 (1273-1325)
1749 1102 1906 1183 praefuit
1921 1105 2010 1164 sub

363 1263 433 1324 que
457 1241 666 1321 disciplinae
689 1241 845 1323 regulari
868 1239 1061 1302 assuefecit
1077 1241 1109 1318 ¹).
1149 1239 1283 1303 Eodem
1313 1240 1430 1302 animo
1458 1239 1616 1302 imbutus
1638 1252 1715 1302 erat
1738 1240 1943 1304 Fridericus
1968 1241 2015 1306 ΙΙ.

363 1382 397 1443 ei
421 1380 603 1443 successit.
649 1379 716 1442 His
746 1379 878 1441 similes
902 1389 983 1441 sunt
1006 1378 1223 1460 Rudolphus
1255 1381 1492 1460 (1261-1290)
1525 1389 1562 1441 et
1593 1377 1830 1441 Gundacarus
1859 1382 2006 1461 (1318-

364 1518 699 1598 SeitenstadienseS,
728 1517 788 1598 qui
815 1517 951 1578 animos
982 1536 1052 1579 non
1084 1517 1196 1578 solum
1228 1518 1274 1579 ad
1304 1517 1421 1599 legem
1451 1526 1611 1579 sanctam
1643 1517 1710 1579 rite
1742 1518 2008 1580 observandam

363 1658 471 1721 etiam
487 1659 534 1719 ad
551 1676 656 1739 agros
673 1657 842 1719 colendos
858 1664 1109 1718 converterunt
1124 1657 1157 1734 ²).
1189 1654 1321 1717 Melicii
1337 1657 1404 1717 hoc
1420 1665 1579 1736 tempore
1595 1655 2003 1737 UdalricusII.(1306-

363 1816 472 1878 super
494 1805 633 1859 ceteros
656 1795 834 1859 excelluit.
872 1794 951 1874 Hic,
976 1813 1055 1856 cum
1078 1794 1216 1857 nobiles
1233 1793 1414 1856 Austriaci
1430 1813 1546 1856 rerum
1562 1814 1733 1858 novarum
1750 1795 1871 1877 cupidi
1889 1797 2017 1859 sediti

363 1936 573 2015 excitarent,
597 1953 739 2016 semper
761 1954 840 1996 cum
856 1934 1017 2015 principe
1033 1933 1193 2016 legitimo
1208 1932 1294 1996 fecit
1318 1945 1354 1996 et
1374 1933 1564 2015 seditiosis,
1589 1935 1649 2016 qui
1674 1937 1927 1998 monasterium
1945 1957 2012 2017 pra

363 2075 440 2137 eius
463 2074 613 2137 vastatis
637 2074 862 2153 obsidebant,
894 2073 1035 2135 fortiter
1065 2073 1195 2136 restitit
1209 2073 1243 2153 ³).
1284 2075 1409 2154 Neque
1438 2072 1555 2137 Scotis
1579 2072 1919 2136 Vindobonensibus
1951 2078 2017 2136 ab

364 2212 502 2294 egregii
532 2211 730 2274 defuerunt.
765 2212 805 2272 In
830 2211 958 2292 quibus
981 2210 1175 2291 praecipue
1203 2210 1437 2273 nominandus
1465 2221 1520 2273 est
1544 2208 1752 2273 Guilielmus
1776 2213 1819 2274 H.
1848 2215 2011 2293 (uso-1

363 2351 423 2432 qui
447 2361 594 2432 propter
618 2350 789 2431 pietatem
813 2359 849 2411 et
872 2349 1027 2412 studium
1050 2350 1249 2431 principum
1273 2350 1621 2432 Habsburgensium,
1653 2352 1699 2412 ad
1728 2370 1817 2432 quos
1845 2357 1925 2414 1282
1952 2373 1991 2414 re

363 2489 591 2553 Austriacum
613 2490 770 2551 delatum
787 2497 873 2566 erat,
898 2487 1052 2565 omnium
1072 2488 1274 2550 voluntates
1297 2488 1366 2549 sibi
1390 2487 1602 2551 conciliavit.
1642 2489 1693 2550 Eo
1711 2489 1946 2569 deprecatore
1964 2492 1995 2554 ci

361 2627 711 2708 Vindobonensibus,
737 2627 796 2708 qui
820 2625 994 2688 seditione
1011 2635 1138 2707 parata
1154 2628 1200 2688 ab
1216 2625 1425 2689 Albrechtio
1442 2627 1468 2688 Ι.
1490 2628 1655 2708 oppressi
1671 2638 1781 2708 erant,
1805 2629 1901 2692 iusta
1917 2638 1954 2692 et
1971 2651 2014 2693 ac

362 2787 480 2849 poena
511 2768 714 2829 condonata
745 2773 801 2827 est
815 2768 849 2845 ⁴).
896 2762 1066 2827 Similiter
1099 2764 1184 2827 clari
1219 2775 1320 2828 erant
1352 2766 1537 2828 Conradus
1568 2766 1823 2830 Lambacensis
1858 2770 2017 2850 (1286-

362 2915 500 2967 amator
534 2904 682 2967 fratrum
718 2902 988 2987 cognominatus
1002 2874 1044 2984 ⁵),
1080 2901 1300 2966 Christianus
1331 2904 1625 2984 Lunaelacensis,
1658 2905 1860 2968 Fridericus
1893 2905 2017 2970 Garst

363 3045 614 3127 (1261-1282).
660 3043 776 3105 Etiam
807 3042 1021 3105 monasterio
1052 3063 1079 3104 s.
1104 3043 1202 3105 Petri
1226 3040 1490 3125 Salisburgensi
1522 3044 1689 3125 egregios
1721 3042 1918 3124 praefuisse
1948 3047 2016 3108 ab

363 3202 475 3245 exeo
500 3184 625 3264 elucet,
651 3183 747 3263 quod
771 3192 855 3244 tunc
878 3180 1071 3262 praecipue
1094 3182 1307 3245 bonafama
1330 3185 1506 3245 utebatur.
1545 3183 1716 3265 Magnam
1746 3202 1831 3245 vero
1862 3186 2005 3246 laudem

363 3321 490 3384 meruit
513 3322 718 3385 Dietmarus
742 3322 785 3384 ΙΙ.
811 3322 1049 3402 (1270-1288)
1074 3331 1181 3385 antea
1203 3323 1317 3384 abbas
1333 3321 1628 3402 Millstadtiensis,
1654 3322 1712 3402 qui
1736 3341 1806 3383 non
1830 3323 1945 3384 solum
1969 3333 2017 3385 st

363 3461 568 3524 monasterii
592 3461 628 3523 in
650 3462 799 3524 formam
822 3459 1001 3523 meliorem
1025 3461 1177 3543 redegit,
1208 3462 1273 3522 sed
1298 3461 1404 3522 etiarn
1429 3460 1579 3523 comitiis
1604 3460 1738 3522 ordinis
1767 3465 1845 3538 1275
1877 3461 2010 3523 habitis

362 3610 475 3663 tutem
498 3602 749 3663 monachorum
773 3600 882 3663 totius
904 3598 1110 3680 provinciae
1134 3599 1234 3662 auxit
1251 3607 1287 3661 et
1303 3598 1485 3679 ornavit⁶).
1517 3600 1614 3661 Inter
1630 3600 1781 3661 abbates
1804 3599 2011 3661 monasterii

364 3738 558 3800 montensis
575 3738 752 3801 Henricus
767 3739 812 3802 ΙΙ.
830 3739 1069 3820 (1275-1297)
1087 3749 1123 3801 et
1137 3739 1377 3820 Engelbertus
1395 3739 1644 3819 (1297—1327),
1670 3738 1883 3802 auctoritate
1899 3758 1970 3800 non

365 3896 470 3957 quam
494 3875 655 3939 doctrina
679 3877 805 3958 clarus,
831 3876 985 3939 eminent
1000 3878 1034 3958 ⁷).
1074 3875 1188 3940 Simili
1215 3876 1320 3937 laude
1345 3876 1444 3958 digni
1467 3887 1550 3938 sunt
1573 3876 1776 3939 Fridericus
1801 3878 2010 3958 (1288-130

365 4015 525 4079 Ortolfus
549 4017 788 4097 (rizo—1341)
812 4017 963 4078 abbates
986 4014 1206 4078 Lambertini
1220 4016 1254 4096 ⁸).
1294 4016 1333 4076 In
1351 4014 1533 4078 Corinthia
1556 4015 1726 4096 imprimis
1748 4017 1965 4078 monasterio
1984 4016 2016 4081 Ο

365 4154 463 4217 censi
486 4164 522 4218 et
545 4154 783 4236 Sanpaulensi
807 4155 966 4238 insignes
990 4156 1142 4217 abbates
1165 4153 1406 4235 praefuerunt.
1446 4154 1499 4215 Ibi
1528 4157 1655 4216 beatus
1679 4154 1728 4215 W
1731 4174 1876 4216 ernerus
1900 4155 1962 4217 ΙΙΙ.
1995 4158 2005 4236 (

364 4292 532 4356 fratribus
556 4293 653 4355 vitae
677 4293 867 4356 sanctitate
890 4293 1069 4375 praeluxit
1082 4293 1117 4372 ⁹).
1158 4292 1226 4355 Hic
1250 4290 1456 4354 Gerhardus
1480 4293 1524 4354 de
1548 4292 1721 4355 Ennsthal
1746 4296 1989 4374 (1258-1275)
2014 4323 2017 4348 ι

495 4504 516 4582 1)
543 4507 775 4582 liettenpachen
800 4505 907 4560 Annal.
932 4504 1053 4561 Cremif.

496 4615 517 4696 ²)
541 4619 737 4675 'l‘abularium
761 4617 1030 4674 Seitenstadiense.

494 4730 518 4808 ³)
542 4730 729 4805 Keiblinger‚
754 4729 940 4786 Geschichte
963 4746 1023 4783 von
1047 4727 1136 4794 Melk,
1162 4728 1183 4782 1.

495 4844 517 4921 ⁴)
542 4845 704 4908 Hausuirt,
731 4842 914 4898 Geschichte
938 4838 992 4894 der
1015 4837 1268 4895 &horren-Aburi
1294 4841 1322 4892 iu
1348 4838 1444 4892 li'ien.

494 4963 504 4993 ἦ

494 4990 500 5000 i.

540 4956 726 5021 Schmierler,
751 4954 925 5010 Chronicon
948 4951 1165 5007 Lambacense.

495 5068 507 5100 ‘³
542 5070 716 5125 Chronicon
740 5067 933 5122 novissimum
958 5084 981 5120 S.
1008 5066 1096 5120 Petri.

496 5290 506 5325 ὃ
542 5293 651 5346 Album
677 5290 910 5345 Lamliertinum.

496 5069 517 5257 7}
541 5181 697 5244 Wichner,
723 5179 862 5242 Admont,
889 5178 925 5231 ΙΙ.

544 5403 690 5465 ll'allner,
715 5402 818 5455 Annus
843 5401 1015 5455 millesimus
1039 5400 1240 5457 Ossiacensis.
