4034 6262
863 481 905 492 -
950 444 1072 509 LXIV
1115 481 1159 493 -

271 671 311 733 In
335 670 463 733 ceteris
479 671 673 734 Bohemiae
696 682 733 733 et
748 670 932 733 Moraviae
955 671 1187 752 monasteriis,
1212 671 1242 733 si
1258 691 1328 733 non
1345 670 1533 754 gymnasia
1550 682 1653 733 erant
1669 669 1803 733 constit

139 820 180 871 ut
204 809 427 873 Braunaviae
451 820 487 872 et
503 808 727 891 Cladrubiae,
750 819 788 872 at
803 809 926 871 schola
948 809 1209 871 monasterialis
1232 819 1268 872 et
1291 830 1441 890 parvum
1457 809 1688 872 seminarium
1704 798 1804 890 nusqt

143 950 277 1010 deerat.
308 947 498 1029 Raigradii
515 947 658 1028 quidem
675 948 768 1011 eirca
784 968 914 1010 annum
936 953 1013 1010 roos
1032 958 1175 1029 praeter
1190 967 1331 1029 pueros,
1356 949 1416 1029 qui
1439 950 1485 1012 ad
1510 948 1630 1011 munia
1654 967 1758 1011 sacra
1782 947 1804 1009 ir

141 1097 334 1168 tuerentur,
358 1085 465 1148 etiam
489 1085 548 1148 alii
572 1085 758 1148 erudiendi
782 1086 1054 1167 excipiebantur
1069 1088 1103 1168 ι).

914 1432 1019 1497 CAP.
1043 1433 1106 1496 ΙΙΙ.

274 1641 387 1704 Maria
424 1643 594 1705 Theresia
629 1643 853 1724 imperatrice
887 1662 966 1705 cum
1003 1663 1133 1725 magna
1168 1653 1264 1704 esset
1299 1642 1395 1705 facta
1432 1662 1547 1705 rerum
1585 1640 1803 1704 scholastica

143 1780 302 1862 mutati0,
327 1780 433 1843 etiam
457 1782 600 1843 scholae
623 1781 935 1843 Benedictinorum
960 1780 1229 1844 Austriacorum
1252 1781 1403 1862 pristina
1427 1801 1543 1844 rerum
1568 1780 1804 1862 conditione]

91 1996 96 2006 ·
144 1919 304 1981 minusve
328 1929 436 1981 exuta
459 1920 505 1981 ad
528 1938 657 1981 novum
681 1919 839 1982 ordinem
862 1921 1039 1983 adductae
1063 1932 1159 2001 sunt,
1188 1932 1331 2002 praeter
1359 1933 1498 1983 ceteras
1526 1920 1745 1983 universitas
1768 1918 1804 1983 δε

143 2057 342 2139 burgensis.
386 2056 542 2119 Decreto
573 2057 666 2120 enim
697 2058 812 2121 aulico
843 2078 936 2121 anno
964 2064 1043 2138 1754
1074 2060 1171 2123 edito
1204 2071 1345 2122 cautum
1370 2068 1434 2139 est,
1467 2078 1511 2121 ne
1544 2060 1697 2121 abbates
1731 2058 1804 2120 cler

143 2196 337 2258 studiorum
361 2196 641 2278 theologicorum
665 2215 774 2259 causa
797 2197 977 2260 mitterent
1000 2198 1035 2260 in
1059 2207 1227 2261 externas
1250 2196 1500 2261 universitates
1517 2198 1575 2258 vel
1591 2197 1628 2258 in
1646 2196 1742 2258 aliud
1759 2215 1804 2257 m(

143 2335 299 2416 sterium,
323 2346 431 2415 atque
456 2346 495 2397 ut
517 2337 687 2398 abbatum
712 2335 862 2399 maiores
887 2336 1142 2418 („griisseren“)
1167 2338 1294 2399 saltem
1317 2337 1430 2416 binos,
1455 2336 1608 2398 minores
1626 2335 1804 2416 („kleinert

142 2474 267 2537 saltem
288 2474 446 2556 singulos
467 2473 614 2536 clericos
637 2474 818 2537 mitterent
844 2475 879 2537 in
906 2474 1174 2538 universitatem
1191 2475 1515 2557 Vindobonensem,
1535 2474 1595 2537 ubi
1621 2475 1803 2537 doctorum

143 2613 259 2695 signia
281 2621 534 2693 promererent,
558 2632 623 2674 nec
640 2612 792 2694 amplius
814 2613 913 2676 licuit
936 2614 1051 2677 thesin
1075 2615 1180 2677 ullam
1204 2624 1265 2676 aut
1289 2614 1566 2695 disputationem
1590 2612 1689 2696 typis
1712 2633 1804 2675 exsct

143 2761 335 2832 antequam
358 2750 610 2833 prodirectoris
626 2750 868 2813 universitatis
887 2750 1175 2814 Vindobonensis
1200 2750 1329 2815 iudicio
1354 2762 1449 2814 esset
1471 2754 1634 2832 probata.
1667 2751 1774 2813 Anno
1797 2772 1804 2812 1

145 2894 326 2954 decretum
339 2902 403 2969 est,
418 2890 589 2972 quidquid
605 2892 650 2952 de
666 2890 816 2954 materia
832 2909 932 2953 sacra
948 2891 1118 2971 scriptum
1136 2901 1241 2971 esset,
1258 2903 1297 2955 ut
1309 2889 1626 2954 commentationes
1643 2888 1804 2972 theologi

145 3029 347 3108 conciones,
378 3028 459 3090 libri
491 3046 616 3109 preces
647 3042 684 3090 et
710 3027 865 3090 carmina
891 3047 993 3090 sacra
1020 3029 1242 3092 continentes
1273 3041 1350 3111 etc,
1383 3028 1450 3090 nisi
1482 3047 1667 3090 censuram
1699 3027 1804 3110 publi«

144 3166 313 3230 subiisset
336 3177 443 3248 atque
467 3176 551 3230 nota
576 3167 840 3249 „Imprimatur“
865 3167 1070 3251 insignitum
1095 3178 1200 3249 esset,
1224 3188 1269 3231 ne
1292 3169 1392 3250 prelo
1416 3168 1693 3231 submitteretur.
1729 3166 1803 3231 Sub

145 3307 301 3388 quinque
329 3306 431 3369 annis
454 3318 536 3386 post
559 3307 676 3388 priore
706 3308 849 3370 decreto
873 3328 1086 3388 quamquam
1114 3307 1329 3370 monasteria
1355 3307 1523 3369 Austriae
1551 3305 1745 3387 superioris
1772 3314 1804 3368 at

147 3445 353 3508 dioeceseos
375 3444 660 3528 Salisburgensis
683 3446 863 3509 redierunt
886 3445 921 3508 in
945 3446 1153 3509 societatem
1177 3446 1419 3510 universitatis
1443 3445 1739 3528 salisburgensis.
1762 3457 1804 3507 ta]

146 3595 265 3647 cetera
280 3585 495 3648 monasteria
511 3606 610 3648 suam
628 3586 795 3666 quodque
811 3585 905 3648 viam
922 3585 1085 3667 ingressa
1102 3598 1194 3650 sunt.
1218 3586 1293 3648 Aut
1309 3585 1401 3648 enim
1415 3583 1620 3663 domestica,
1634 3604 1728 3665 quae
1740 3603 1804 3647 voc

145 3724 263 3786 studia
285 3723 488 3806 theologica
511 3724 796 3805 instituebantur,
819 3734 860 3785 ut
881 3723 1027 3787 Mellicii
1042 3726 1077 3805 ²),
1102 3722 1282 3806 Gottvicii,
1299 3722 1540 3805 Seitenstadii,
1558 3723 1799 3806 Altenburgii,

145 3863 264 3927 clerici
286 3864 323 3925 in
345 3863 612 3926 universitatem
625 3862 938 3925 Vindobonensem
962 3863 1019 3925 vel
1035 3863 1254 3945 Pragensem
1274 3862 1515 3942 mittebantur,
1539 3872 1578 3923 ut
1595 3860 1804 3925 Scotorum*

145 4001 400 4063 dobonensium
431 4011 468 4064 et
498 4001 790 4062 monasteriorum
821 3999 1102 4062 Bohemicorum.
1146 3998 1218 4064 Sed
1246 3999 1441 4062 domestica
1468 3999 1528 4060 illa
1557 4000 1686 4080 studia,
1717 4019 1804 4080 quae

147 4141 290 4202 decreto
314 4140 540 4220 imperatorio
564 4160 657 4203 anno
678 4160 759 4219 ¹770
781 4141 827 4201 ad
850 4139 968 4201 studia
990 4139 1191 4221 theologica
1207 4138 1450 4201 universitatis
1467 4138 1758 4202 Vindobonensis
1781 4158 1804 4201 e⁴

146 4278 363 4342 conformata
381 4280 552 4343 institutis
566 4279 710 4362 Iosephi
726 4278 770 4340 II.
788 4279 885 4341 iussu
901 4298 994 4341 anno
1012 4283 1090 4359 1783
1108 4277 1305 4342 seminariis
1318 4277 1548 4360 generalibus
1566 4278 1601 4340 in
1618 4277 1766 4340 urbibus
1782 4299 1803 4339 n

145 4418 286 4482 lissimis
306 4440 389 4482 mox
410 4439 489 4482 esse
509 4419 699 4483 desierunt.
728 4419 919 4481 Francisco
936 4419 980 4481 II.
999 4418 1211 4499 imperatore
1232 4417 1429 4480 seminariis
1449 4416 1601 4479 sublatis
1622 4417 1742 4478 studia
1762 4417 1804 4478 do

146 4557 235 4619 stica
250 4568 418 4621 revocata
434 4570 517 4621 sunt
535 4570 644 4639 atque
661 4570 865 4620 manserunt
881 4578 993 4639 usque
1010 4558 1055 4620 ad
1071 4577 1199 4620 annum
1218 4562 1307 4638 1813,
1329 4577 1398 4637 quo
1419 4576 1465 4619 ex
1484 4558 1630 4619 decreto
1652 4557 1804 4638 imperat

151 4723 451 4736 ᾕ-

147 4830 378 4887 Bievnotiense.
424 4832 453 4887 ls
477 4834 572 4886 virum
597 4831 669 4885 iuris
693 4831 914 4904 peritissimum,
939 4830 1112 4884 Anselmum
1137 4831 1252 4903 Desing
1275 4829 1532 4886 linnsdorfensem
1558 4847 1574 4883 e
1599 4829 1763 4883 Palatinatu
1784 4846 1804 4881 st

149 4944 240 5010 tiore,
272 4945 425 5000 Oliverum
457 4945 611 5018 Legipont
640 4963 657 4998 e
688 4945 871 4998 monasterio
903 4962 927 4998 S.
952 4944 1069 4997 Martini
1096 4942 1257 5008 Coloniae,
1291 4943 1464 4997 udalricum
1490 4941 1592 4996 Weiss
1619 4942 1804 4996 L'rsinensem

148 5055 278 5110 eiusdem
302 5058 344 5111 rei
369 5056 498 5109 studium
523 5055 672 5129 perduxit.

277 5165 296 5245 Ι)
322 5167 422 5222 Uudik
446 5168 463 5221 l.
488 5187 513 5222 c.
539 5168 576 5223 ΙΙ.

275 5279 297 5356 ²)
328 5279 447 5334 hlellicii
472 5277 568 5333 abbas
597 5278 767 5350 Gregorius
787 5297 814 5333 a.
843 5277 923 5348 1684
954 5276 1136 5350 theologiam
1161 5292 1190 5332 et
1213 5278 1435 5353 philosophiam
1460 5278 1676 5351 speculativam
1701 5273 1804 5330 tradem

149 5407 315 5447 curaverat.
