4088 6270
821 511 1102 582 -457-

175 699 239 755 XV.
257 698 333 754 Veni
351 696 463 754 Sancte
479 698 610 774 Spiritus
632 702 660 755 in
678 701 705 755 D
727 702 778 755 mit
793 718 919 773 ganzem

127 803 267 859 chester.

174 906 254 963 XVI.
264 908 346 962 Zwei
356 907 627 962 kleinercMessen.
637 907 713 963 Vom
723 907 814 982 Jahre
829 923 919 981 1772.

174 1011 269 1067 XVII.
287 1013 368 1066 Zwei
385 1011 554 1066 Litaneien.

174 1115 283 1171 XVIII.
305 1115 444 1170 Mehrere
461 1114 638 1171 Praiambule
662 1114 723 1170 und
746 1116 851 1189 Fugen
875 1116 921 1171 fiir

127 1219 258 1293 :Orgel

174 1324 256 1379 XIX.
275 1325 422 1379 Miserere
438 1325 467 1378 in
481 1322 606 1389 G·min.‚
620 1341 637 1378 a
650 1340 669 1396 4
683 1326 761 1390 voci,
780 1339 796 1379 2
810 1323 921 1380 Violini

140 1427 282 1501 Organo.

174 1533 241 1586 XX.
264 1532 358 1586 Missa
375 1531 528 1586 sollemnis
545 1533 574 1586 in
591 1532 705 1587 D-min.
723 1546 754 1587 ct
769 1534 847 1599 mai„
869 1533 921 1587 mit

127 1655 211 1691 uzem
229 1634 406 1692 Orchester.

172 1740 254 1794 XXI.
284 1741 364 1795 Zwei
391 1740 555 1806 Cantaten‚
580 1741 647 1794 eine
675 1758 735 1796 von
763 1740 921 1796 Mestalien

127 1842 138 1898 l
151 1843 210 1898 den
223 1843 295 1898 Tod
312 1843 366 1898 der
383 1843 682 1917 durchlauchtigsten
695 1843 833 1899 Gemalin
850 1837 921 1899 w'ei·

127 1947 153 2003 id
168 1949 280 2002 Kaiser
290 1947 406 2023 Joseph
420 1949 466 2014 11..
485 1947 543 2003 und
557 1949 623 2003 eine
636 1967 696 2003 von
709 1949 817 2004 Denis:
838 1950 920 2020 „Das

127 2053 269 2106 :witter“.
775 2038 778 2044 ’

173 2156 271 2210 XXII.
300 2155 409 2228 Einige
434 2154 534 2210 Chdre
559 2154 618 2209 und
642 2155 736 2210 Arien
761 2176 797 2210 zu
824 2158 920 2211 einem

127 2260 254 2315 utschen
271 2259 453 2334 Singspiele.

172 2364 284 2418 XXIII.
299 2365 371 2421 Vier
384 2363 576 2438 Antiphonen
593 2362 646 2418 aul
659 2363 713 2418 das
726 2364 922 2420 Frohnleich-

127 2466 242 2524 msfest.

172 2571 285 2627 XXIV.
310 2571 420 2644 Einige
438 2571 666 2646 Responsorien
690 2570 737 2626 sur
759 2571 808 2627 dic
828 2572 922 2628 Char-

127 2675 202 2730 iche.

171 2779 268 2835 XXV.
287 2779 367 2834 Zwei
384 2778 591 2834 Melodramen
613 2780 665 2835 mit
685 2779 921 2854 Clavierbeglei·

127 2901 168 2955 ig.

171 2987 283 3042 XXVI.
312 2986 380 3041 Ode
404 3005 464 3041 von
489 2987 583 3041 lienis
610 2978 663 3041 aul
688 2987 745 3042 den
770 2987 839 3043 Tod
867 2988 922 3044 der

127 3093 228 3147 iiserin
241 3091 337 3146 Maria
351 3090 510 3157 Theresia‚
528 3090 575 3146 siir
586 3090 706 3166 Sopran
719 3092 778 3147 und
792 3093 919 3149 Clavier.

172 3213 298 3269 XXVII.
316 3213 356 3270 VI
373 3211 520 3268 Sonatine
537 3232 592 3288 per
608 3213 627 3268 il
645 3208 801 3271 Cembalo
819 3214 919 3279 Wien,

127 3320 132 3373 i
149 3317 283 3373 Artaria.

172 3421 311 3478 XXVIII.
330 3422 457 3477 Caritate
475 3424 526 3477 mit
537 3440 663 3496 ganzem
677 3422 844 3479 Orchester
861 3424 918 3479 und

126 3524 185 3580 isik
201 3545 237 3580 zu
255 3527 353 3580 einem
370 3523 606 3581 Kinderballetc.

173 3648 285 3704 XXIX.
303 3649 330 3702 ll
347 3645 461 3703 Sonate
477 3667 532 3723 per
549 3648 567 3703 il
588 3647 771 3716 I'ianolorte‚
791 3667 807 3703 e
823 3649 918 3722 Fuga,

127 3753 206 3816 irich,
223 3750 273 3807 bei
291 3752 406 3825 Nageli.

173 3874 269 3929 XXX.
295 3873 368 3929 Drei
391 3874 496 3947 Fugen
521 3872 567 3928 fiir
589 3873 643 3929 das
666 3873 794 3929 Clavier.
820 3875 918 3943 Wien,

127 3978 139 4030 ti
155 3975 271 4032 Sauter.

172 4080 282 4136 XXXI.
301 4082 325 4135 F
327 4080 380 4135 iini
395 4080 579 4136 italienische
597 4081 690 4136 Arien
707 4100 761 4138 aus
777 4083 919 4138 Metasta-

127 4181 161 4237 a’s
176 4184 321 4240 Werken.
346 4184 400 4238 Mit
417 4184 597 4258 Begleitung
614 4184 668 4240 des
685 4185 877 4241 Orchesters.

172 4305 298 4360 XXXII.
327 4303 536 4370 Offertorium‚
566 4304 711 4373 SanctuS‚
740 4307 919 4362 Benedictus

127 4403 147 4458 ld
161 4408 265 4483 Agnus
283 4409 340 4463 Dei
357 4428 409 4463 zur
426 4410 610 4482 Erganzung
626 4411 708 4465 eines
725 4411 880 4485 Requiem.

171 4530 312 4586 XXXIII.
323 4530 438 4586 Sonata
448 4550 502 4607 per
515 4531 533 4586 il
544 4531 717 4587 Pianolorte
731 4534 759 4587 in
769 4533 803 4588 F.
817 4532 917 4599 Wien,

129 4628 136 4680 ἰ
151 4632 254 4690 Mollo.

171 4739 310 4796 XXXIV.
328 4738 405 4794 Trio
428 4758 463 4793 zu
486 4741 582 4795 einem
600 4739 842 4795 Claviermenuet
858 4759 918 4795 von

127 4851 211 4898 >zart.
235 4843 336 4908 Wien,
354 4841 403 4898 bei
420 4842 523 4898 Mollo

172 4964 296 5020 XXXV.
313 4965 443 5019 Zweiter
455 4965 545 5020 Theil
558 4985 593 5020 zu
607 4967 690 5021 einer
703 4966 917 5041 Clavierphan-

130 5060 162 5121 ie
183 5088 243 5124 von
265 5069 382 5124 Mozart
405 5071 432 5124 in
457 5069 578 5125 C·moll.
603 5069 702 5137 Wien,
720 5068 768 5125 bei
785 5069 915 5126 Artaria.

171 5205 210 5266 In
239 5205 438 5286 protocollo
467 5205 673 5266 monasterii
700 5205 916 5267 Mellicensis

127 5326 341 5407 *nuscriptm
365 5327 422 5388 die
444 5348 473 5405 9.
496 5325 595 5408 Sept.
622 5333 698 5405 1781
730 5328 917 5409 sequentia

1001 696 1123 779 micuS,
1141 698 1197 760 cui
1214 699 1353 761 titulus:
1373 700 1467 783 „Das
1480 698 1833 767 Studentenvalete“.

1002 817 1204 882 Concentus
1218 821 1373 883 musicus
1386 842 1406 882 a
1419 841 1445 883 r.
1459 821 1498 883 P.
1511 821 1755 886 Maximiliano
1767 824 1834 888 fuit

1002 941 1229 1021 compositus
1253 941 1463 1024 Utrumque,
1480 952 1519 1005 ut
1532 943 1678 1025 dignum
1691 946 1833 1008 omnino

1002 1073 1088 1144 erat,
1098 1082 1235 1125 summo
1245 1065 1398 1126 omnium
1411 1065 1538 1146 plausu
1552 1074 1588 1127 et
1600 1066 1833 1129 admiratione

1002 1196 1193 1266 exceptum
1211 1196 1274 1249 est.
1291 1225 1332 1232 —
1351 1191 1379 1248 5.
1393 1188 1480 1268 Apr.
1503 1192 1593 1266 1785.
1618 1188 1717 1250 Hora
1729 1200 1833 1252 sexta

1002 1306 1038 1369 in
1054 1309 1193 1370 theatro
1216 1317 1396 1370 cantatum
1420 1308 1487 1371 fuit
1509 1309 1544 1371 in
1565 1310 1705 1372 laudem
1730 1331 1833 1391 prae·

1002 1429 1089 1490 sulis
1105 1430 1226 1492 nostri.
1255 1430 1302 1491 R.
1320 1429 1358 1491 P.
1377 1429 1567 1492 Udalricus
1584 1431 1718 1493 Petrak
1740 1452 1833 1494 corn-

1002 1551 1121 1632 posuit
1138 1560 1317 1613 cantatam
1334 1551 1385 1613 sic
1402 1552 1543 1634 dictam,
1567 1553 1665 1636 typis
1687 1553 1834 1634 impres-

1002 1693 1087 1753 sam,
1100 1692 1168 1755 ego
1183 1672 1459 1754 (Maximilianus
1473 1672 1615 1737 Stadler
1627 1684 1711 1736 tunc
1723 1675 1832 1758 prior)

1002 1795 1151 1856 eandem
1168 1795 1214 1854 ad
1230 1796 1355 1855 modos
1368 1795 1520 1857 musicos
1534 1797 1726 1879 composui,
1744 1808 1782 1858 ut
1794 1807 1834 1859 ut

1000 1917 1101 1998 potui
1117 1917 1287 1996 plurimos
1305 1917 1396 1979 inter
1412 1918 1553 1978 labores
1571 1918 1668 1980 alios,

1087 2038 1163 2099 Hos
1184 2039 1308 2100 modos
1330 2038 1483 2100 musicos
1507 2038 1649 2102 Stadler
1670 2040 1833 2103 Maximi·

1001 2160 1116 2221 lianus
1139 2179 1209 2240 qua
1228 2168 1349 2220 noster
1370 2159 1578 2242 composuit,
1600 2161 1765 2244 reliquos,
1782 2163 1833 2224 vi-

1002 2290 1130 2362 taeque
1162 2281 1238 2343 eius
1270 2280 1541 2343 delineationem
1578 2284 1832 2346 accuratiorem

1002 2423 1148 2465 noscere
1162 2403 1222 2483 qui
1232 2404 1328 2484 velit,
1343 2403 1517 2466 conferat:
1531 2405 1833 2487 Biographisches

1002 2524 1160 2586 Lexicon
1177 2525 1240 2585 des
1257 2524 1509 2587 Kaiserthums
1523 2525 1750 2590 Oesterreich
1763 2549 1832 2592 von

1002 2649 1063 2710 Dr.
1079 2646 1199 2709 Const.
1213 2667 1245 2707 v.
1260 2647 1473 2709 Wurzbach.
1488 2653 1538 2726 37.
1553 2647 1629 2710 Thl.
1644 2670 1678 2730 p.
1695 2655 1832 2727 tio-69.

1089 2780 1297 2872 Stampfer
1338 2789 1602 2854 Coelestinus
1642 2794 1832 2874 (Mariae-

1001 2909 1255 2990 montanus),
1284 2919 1387 2970 natus
1415 2909 1450 2971 in
1476 2910 1643 2991 BurgeiS,
1668 2912 1777 2993 Tirol‚
1801 2920 1830 2975 3.

1001 3028 1100 3111 Sept.
1123 3034 1202 3091 1823
1221 3031 1338 3092 studia
1355 3033 1530 3113 gymnasii
1546 3032 1738 3116 Memmiae,
1756 3035 1832 3116 phi-

1000 3152 1183 3233 losophica
1196 3151 1389 3233 Oeniponti
1406 3153 1569 3217 absolvit.
1588 3155 1766 3218 Exhibitis
1782 3157 1832 3219 in-

1000 3294 1108 3355 super
1124 3274 1335 3337 testimoniis
1357 3294 1402 3336 ex
1424 3277 1563 3338 duobus
1583 3279 1738 3360 theolog.
1756 3300 1832 3342 cur·

1001 3395 1098 3458 sibus
1117 3402 1166 3459 23.
1184 3396 1279 3477 Aug.
1302 3401 1379 3475 1847
1404 3396 1470 3459 rite
1491 3409 1680 3480 susceptus
1701 3401 1759 3462 die
1781 3406 1830 3464 28.

1000 3519 1158 3581 eiusdem
1186 3519 1317 3580 mensis
1344 3539 1446 3581 sacra
1470 3530 1572 3582 veste
1595 3520 1740 3583 indutus
1763 3533 1828 3585 est.

999 3641 1195 3721 Postquam
1213 3662 1242 3719 9.
1260 3641 1347 3722 Apr.
1370 3646 1449 3720 1840
1467 3642 1581 3704 ordini
1597 3664 1624 3704 s.
1642 3642 1831 3706 Benedicti

999 3772 1257 3826 sacramentum
1280 3763 1379 3845 dixit,
1406 3764 1575 3825 Brixinae
1597 3786 1646 3843 29.
1664 3765 1727 3828 Iul.
1749 3770 1830 3844 1849

1000 3885 1200 3947 sacerdotio
1216 3885 1376 3948 iuitiatus
1393 3895 1448 3948 est
1464 3896 1499 3947 et
1516 3891 1567 3949 31.
1581 3905 1609 3947 e.
1624 3906 1667 3947 m.
1681 3886 1830 3968 primam

999 4007 1078 4068 Deo
1099 4005 1333 4087 omnipotenti
1353 4007 1573 4069 incruentam
1593 4008 1745 4070 hostiam
1767 4010 1829 4071 ob-

999 4128 1089 4191 tulit.
1114 4128 1301 4190 Absolutis
1323 4128 1450 4190 studiis
1470 4129 1625 4211 theolog.
1643 4149 1708 4210 per
1730 4130 1829 4192 bien-

999 4250 1094 4312 nium
1124 4253 1288 4312 1850-52
1318 4250 1353 4312 in
1376 4270 1472 4332 pago
1496 4252 1603 4333 Platt,
1628 4251 1828 4334 Passyriae,

999 4391 1142 4435 munere
1164 4372 1371 4453 primissarii
1394 4372 1536 4435 functus
1562 4382 1626 4435 est.
1651 4373 1711 4435 Ab
1736 4394 1828 4436 anno

1003 4498 1080 4556 1852
1096 4494 1130 4555 in
1143 4495 1331 4576 gymnasio
1343 4495 1546 4557 Meranensi
1558 4495 1742 4558 historiam
1755 4506 1828 4558 tum

998 4616 1150 4678 univers
1165 4627 1239 4679 tum
1252 4619 1449 4679 naturalem
1459 4637 1524 4678 nec
1535 4636 1604 4678 non
1613 4617 1697 4699 ling.
1709 4616 1827 4679 Germ.

998 4739 1142 4818 publica
1158 4738 1268 4800 tradit
1284 4738 1506 4801 auctoritate.

1085 4859 1206 4922 Otium
1231 4881 1332 4922 suum
1360 4861 1394 4922 in
1423 4861 1622 4923 scrutandis
1650 4860 1828 4942 legendis-

998 5000 1066 5062 que
1082 4965 1279 5043 litterarum
1300 4981 1533 5043 monumentis
1556 4981 1827 5063 diligentissime

997 5121 1207 5163 consumens
1245 5111 1435 5182 sequentes
1471 5102 1580 5163 libros
1617 5101 1759 5182 scripsit
1790 5111 1826 5164 et

997 5223 1127 5286 edidit:

1083 5350 1106 5404 1.
1119 5350 1303 5406 Geschichte
1313 5350 1475 5423 Vinstgaus
1486 5349 1626 5405 wahrend
1637 5349 1690 5405 der
1700 5350 1826 5423 Kriegs·

127 5459 255 5512 notata
271 5449 428 5511 invenio:
449 5450 651 5512 Productus
668 5461 722 5512 est
738 5451 842 5511 ludus
860 5470 917 5512 co·
954 5416 958 5512 I
994 5453 1078 5526 jahre
1100 5451 1319 5526 1796-1801.
1337 5450 1366 5528 (i.
1384 5472 1409 5507 e.
1428 5453 1563 5508 Historia
1579 5452 1664 5508 vallis
1681 5466 1826 5508 venustae

1570 5552 1602 5614 §8
