4088 6270
774 512 813 522 -
861 473 988 536 XCIX
1033 511 1075 519 -

58 703 255 785 composita
285 702 541 765 accuratiorem
571 711 769 782 temporum
798 698 1073 780 descriptionem
1101 697 1261 761 effecisse
1293 703 1538 784 cognoscimus
1567 723 1586 765 e
1615 700 1792 782 Computo

62 861 155 904 anno
191 863 270 905 1200
306 852 480 923 concepto
511 861 532 903 a
563 840 752 904 Chunrado
786 840 958 901 monacho
988 839 1262 919 Lunaelacensi,
1298 840 1358 921 qui
1394 851 1511 905 errata
1542 839 1791 922 descriptionis

64 977 215 1043 Iulianae
238 980 435 1061 explicavit
450 981 482 1060 ¹).

189 1120 264 1182 Hoc
295 1139 383 1182 vero
413 1120 569 1182 studium
597 1118 766 1181 historiae
797 1119 939 1181 saeculo
968 1117 1062 1199 XV,
1094 1139 1173 1182 cum
1196 1130 1316 1182 tamen
1340 1119 1580 1185 effloresceret
1603 1123 1789 1205 disciplina

75 1259 268 1340 theologica,
293 1259 525 1340 lanquescere
549 1257 677 1339 coepit.
719 1257 810 1320 Nam
833 1257 869 1320 in
892 1257 1051 1338 plurimis
1074 1259 1298 1322 monasteriis
1328 1261 1474 1323 annales
1505 1263 1790 1345 neglegebantur

83 1407 115 1459 et
139 1399 319 1480 scriptores
349 1418 419 1460 non
450 1397 567 1461 fontes
599 1399 855 1479 sequebantur,
887 1398 950 1458 sed
977 1396 1117 1459 fabulas
1150 1407 1185 1460 et
1215 1397 1366 1460 fabellas
1398 1401 1564 1482 ,speculo
1595 1400 1791 1464 historiali“

85 1534 115 1597 in
128 1537 312 1598 erudiendis
327 1536 448 1618 pueris
464 1546 538 1599 tum
554 1534 708 1597 maxime
723 1544 874 1616 accepto
898 1535 1111 1599 inserebant.
1152 1536 1254 1617 „Wie
1280 1537 1316 1600 in
1340 1539 1402 1600 der
1422 1539 1582 1620 Poesie“,
1607 1541 1656 1603 ait
1678 1541 1788 1604 histo-

88 1675 161 1737 ricus
182 1676 321 1757 quidam
353 1694 494 1756 recens,
527 1677 610 1759 „der
632 1674 729 1737 Born
759 1674 856 1737 nicht
887 1676 984 1737 mehr
1014 1675 1090 1737 rein
1118 1677 1189 1738 und
1216 1675 1325 1738 frisch
1356 1675 1457 1759 fiOSS,
1490 1697 1529 1740 so
1560 1679 1678 1742 lehnte
1712 1680 1788 1742 sich

91 1832 126 1874 an
143 1814 187 1876 die
208 1813 506 1896 liebenswilrdige
528 1813 688 1877 Naiuitiit
711 1815 775 1878 der
797 1815 932 1877 iilteren
956 1814 1115 1897 Quellen‚
1148 1815 1204 1877 die
1238 1817 1454 1883 ebennicht
1477 1819 1575 1880 mehr
1598 1839 1710 1902 sagen
1733 1822 1789 1884 als

93 1950 130 2012 sie
147 1952 269 2034 wissen,
300 1951 379 2015 eine
406 1952 541 2015 falsche
563 1951 704 2027 Kritik;
736 1972 775 2015 es
806 1953 919 2015 rissen
946 1951 1066 2036 Sagen
1097 1955 1169 2016 und
1192 1954 1329 2017 Fabeln
1352 1956 1440 2018 aller
1463 1957 1532 2020 Art
1560 1959 1617 2020 die
1640 1961 1789 2022 Damme

94 2090 139 2151 der
159 2093 276 2154 echten
300 2090 516 2155 Geschichte
544 2090 686 2155 nieder“
702 2093 736 2172 2).
781 2091 983 2173 Librorum,
1015 2092 1075 2173 qui
1105 2093 1171 2154 hoc
1203 2103 1363 2174 tempore
1395 2104 1477 2157 sunt
1508 2096 1610 2178 editi,
1641 2097 1678 2159 hi
1708 2085 1792 2161 sunt*
1853 2152 1856 2156 .

94 2229 201 2292 maximi
234 2231 420 2293 momenti:
457 2230 677 2315 „Chronicon
708 2230 838 2294 breve“
875 2232 1112 2314 (1438—1464)
1149 2253 1170 2294 a
1190 2234 1375 2296 ⁴monacho
1411 2235 1564 2315 quodam
1591 2236 1789 2301 Mellicensi

94 2366 241 2450 scriptum,
279 2369 519 2452 „Itinerarium
550 2370 765 2432 venerabilis
795 2370 913 2432 Patris
944 2369 1154 2452 Wolfgangi
1189 2373 1233 2434 de
1270 2370 1410 2455 Styra“,
1441 2372 1638 2436 Chronicon
1672 2394 1788 2437 rerum

93 2501 324 2570 lustriaearum
342 2509 580 2589 (1415-1457)
606 2529 626 2570 a
649 2510 821 2571 monacho
839 2511 992 2590 quodam
1007 2508 1204 2572 Mellicensi
1225 2511 1465 2592 conscriptum
1479 2513 1513 2592 ³),
1537 2512 1685 2575 historia
1708 2534 1790 2576 con-

93 2639 141 2704 cilii
156 2643 429 2709 Constantiensis
452 2649 498 2709 ab
522 2648 653 2710 Ioanne
678 2648 865 2710 Treubeck
888 2649 1020 2710 abbate
1044 2647 1301 2710 Lunaelacensi
1325 2650 1521 2732 composita
1536 2649 1570 2731 ⁴),
1594 2651 1787 2732 Epitaphia

93 2777 198 2847 Alberti
220 2786 275 2867 II,
300 2785 544 2867 Elisabethae,
571 2785 727 2848 Ladislai
754 2786 930 2869 Postumi,
958 2787 1127 2850 Austriae
1152 2787 1364 2871 principum,
1389 2789 1424 2851 in
1446 2790 1645 2854 Mellicensi
1669 2811 1789 2853 mona-

90 2922 168 2985 sten'o
188 2925 433 3006 compositas).
478 2926 519 2987 In
542 2924 756 2987 monasterio
785 2925 831 2987 ad
854 2946 881 2988 s.
905 2926 1050 2988 Petrum
1075 2925 1274 3010 Salisburgi
1301 2927 1433 3008 prodiit
1456 2925 1655 2992 Chronicon
1678 2928 1788 2992 Salis-

88 3053 479 3145 burgense(716-1495)‚
505 3064 599 3145 quod
623 3065 668 3126 ad
691 3064 874 3128 historiam
897 3066 999 3128 huius
1021 3067 1224 3129 monasterii
1242 3069 1528 3150 cognoscendam
1543 3070 1690 3132 multum
1707 3090 1788 3132 con-

85 3188 135 3260 fert
146 3199 176 3282 ⁶),
198 3202 232 3265 in
255 3203 469 3266 monasterio
486 3203 723 3267 Admontensi
741 3204 850 3267 series
867 3207 1036 3268 abbatum
1052 3206 1085 3287 ⁷),
1109 3207 1145 3268 in
1160 3205 1416 3269 Lunaelaeensi
1436 3207 1511 3270 vita
1527 3207 1737 3291 Wolfgangi
1752 3208 1787 3289 ⁸).

81 3326 192 3402 Harum
214 3349 364 3422 utraque
387 3342 549 3404 versibus
572 3342 706 3425 scripta
730 3353 793 3405 est.

185 3480 376 3544 Praeterea
400 3481 490 3544 aliae
514 3502 655 3563 quoque
678 3483 888 3565 disciplinae
912 3483 980 3546 etsi
1002 3484 1136 3547 minore
1160 3504 1244 3547 cura
1268 3485 1537 3549 exercebantur.
1579 3486 1785 3549 Doctrinam

71 3604 111 3671 de
135 3637 242 3681 rerum
269 3629 396 3681 natura
419 3632 455 3683 et
482 3632 576 3682 artes
605 3621 874 3684 mathematicas
902 3641 981 3684 esse
1009 3631 1181 3685 tractatas
1212 3642 1259 3685 ex
1286 3623 1338 3704 iis,
1367 3642 1457 3704 quae
1486 3625 1629 3706 scripsit
1655 3624 1788 3707 Engel-

68 3740 178 3818 bertus
193 3757 318 3819 Abbas
335 3757 600 3840 Admontensis,
623 3760 775 3840 adparet
790 3762 824 3841 ⁹).
863 3761 987 3841 Neque
1011 3770 1106 3824 artes
1129 3761 1287 3824 medicae
1312 3762 1607 3844 neglegebantur.
1646 3762 1725 3845 Qua
1749 3764 1785 3827 in

63 3896 139 3952 arte
158 3896 297 3957 summis
320 3896 484 3959 laudibus
508 3896 611 3960 effert
627 3898 858 3980 Ziegelbauer
874 3898 1073 3962 Conradum
1091 3898 1331 3982 Obernburgii
1347 3900 1529 3976 Abbatem
1554 3901 1654 3983 (obiit
1677 3902 1782 3983 1441).

61 4015 294 4097 peritissimus
325 4054 466 4117 quoque
494 4038 646 4100 habetur
676 4036 859 4100 Conradus
886 4038 1212 4122 NorimbergensiS,
1242 4039 1435 4100 monachus
1458 4038 1692 4121 Mellicensis,
1725 4039 1786 4120 qui

65 4177 360 4202 &—

63 4282 269 4355 Podatitense
293 4297 416 4378 (budh,
438 4299 462 4354 F
464 4300 656 4373 orschungen
677 4302 706 4357 in
722 4298 910 4378 Schwedeu),
934 4300 1052 4376 Augiae
1068 4302 1193 4358 Maioris
1216 4298 1257 4378 (in
1274 4300 1506 4358 Denkschriften
1523 4301 1577 4358 der
1592 4301 1621 4358 k.
1639 4302 1668 4358 k.
1686 4301 1785 4359 Akad.

65 4395 95 4452 (ἲ.
118 4403 297 4478 Wissensch.,
321 4411 478 4486 phil.·hist.
503 4411 558 4479 cl,
582 4408 630 4490 V.)
797 4494 798 4497 Ἰ

186 4520 205 4601 ¹)
227 4522 506 4598 Sitzungsberichte
529 4524 583 4580 der
606 4524 635 4582 k.
660 4526 689 4582 k.
713 4525 810 4582 Akad.
835 4526 862 4582 d.
887 4526 1073 4583 Wissensch.
1099 4529 1127 4583 in
1151 4526 1250 4593 wien,
1275 4526 1433 4602 phil.·hist.
1458 4525 1513 4594 cl,
1538 4539 1609 4583 tom.
1634 4525 1684 4583 82.

186 4634 206 4713 2)
226 4637 319 4712 Mayr,
344 4637 627 4712 Culturgeschichte
649 4656 710 4694 vou
733 4638 1022 4706 Niederdsterreich,
1047 4640 1069 4696 I.

186 4743 206 4825 ³)
227 4749 294 4813 Pez.
319 4748 432 4825 Script.
456 4768 516 4806 rer.
539 4750 643 4807 Austr.
668 4751 704 4807 ΙΙ.

187 4858 205 4937 ⁴)
227 4859 357 4918 Staufier
381 4863 399 4917 l.
425 4880 450 4918 c.

187 4970 206 5049 ⁵)
228 4973 328 5050 Krops
349 4975 367 5031 l.
392 4994 418 5031 c.

187 5077 207 5162 6)
228 5087 294 5154 Pez,
318 5085 432 5162 Script.
457 5105 516 5147 rer.
539 5087 642 5144 Austr.
667 5088 705 5143 II.

190 5193 208 5274 ⁷)
230 5199 296 5267 Pez,
319 5198 432 5276 Script.
456 5218 515 5256 rer.
540 5200 641 5257 Austr.
664 5200 702 5257 II.

188 5304 357 5387 ⁸)Staufier
381 5312 399 5369 l.
425 5332 450 5370 c.

188 5419 207 5500 9)
228 5423 381 5492 Wichner,
404 5424 537 5482 Admont
559 5426 577 5481 l.
602 5446 628 5483 c.
653 5427 705 5483 111.
