4034 6262
762 515 1047 587 „509-

133 709 254 763 rector
269 699 476 782 magnificus
488 699 603 761 almae
617 698 860 762 universitatis
944 731 947 738 ·

124 822 245 885 nensis
272 821 493 885 renuntiatus
521 831 585 883 est.
622 819 700 901 Quo
727 823 861 884 honore

124 963 261 1005 summa
274 943 449 1025 dignitate
462 942 682 1024 perfungens
695 942 786 1004 adeo
800 943 862 1004 do·

124 1066 178 1128 ica
201 1087 271 1129 non
295 1065 470 1149 neglexit,
495 1074 534 1128 ut
557 1064 592 1127 in
618 1083 738 1126 eorum
762 1084 862 1127 cura·

154 1196 190 1249 et
214 1186 520 1249 administratione
543 1185 629 1248 nihil
653 1185 860 1274 diligentiae

124 1309 331 1373 :ermitteret
367 1329 561 1391 omnesque
596 1308 862 1398 vigilantissimi

124 1432 171 1495 tis
188 1441 309 1513 partes
323 1432 417 1494 domi
434 1442 577 1495 strenue
591 1433 766 1513 expleret.
790 1432 861 1493 Pro

124 1574 138 1616 s
160 1554 294 1617 meritis
310 1557 355 1616 ab
373 1552 625 1638 augustissimo
647 1553 861 1635 imperatore

124 1679 203 1739 ebt.
222 1681 302 1755 1814
318 1677 448 1740 collato
465 1676 498 1740 ei
513 1695 657 1739 munere
675 1675 860 1738 directoris

126 1798 138 1859 i
154 1798 345 1880 theologici
361 1807 398 1860 et
413 1797 599 1860 referentis
621 1797 718 1878 apud
740 1815 863 1877 supre-

139 1919 290 1982 aulicam
306 1913 502 1982 studiorum
516 1918 800 1981 commissionem
816 1917 862 1980 si·

136 2041 357 2103 consiliarius
392 2039 574 2122 regiminis
605 2039 775 2102 Austriae
812 2039 863 2101 in·

124 2163 169 2226 ris
197 2163 398 2225 nominatus
426 2171 498 2243 est,
530 2181 646 2244 neque
673 2161 724 2224 ita
751 2162 863 2224 multo

140 2285 275 2368 inclyta
302 2284 454 2348 facultas
486 2283 689 2367 theologica
716 2284 808 2346 ultro
836 2303 862 2346 s

124 2407 236 2489 logiae
253 2409 435 2469 doctorum
453 2407 535 2468 albo
557 2405 705 2469 inseruit
726 2405 864 2488 elapso·

138 2529 371 2611 quadriennio
414 2533 493 2591 1818
529 2529 655 2591 iterum
690 2538 865 2591 rectorem

124 2651 260 2714 nificum
290 2651 532 2714 universitatis
568 2651 747 2714 salutavit.
786 2651 865 2732 Quo

124 2775 246 2836 istratu
270 2773 478 2855 priusquam
501 2793 540 2835 se
565 2772 783 2854 abdicasset,
807 2772 865 2834 die

124 2894 199 2977 lpr.
227 2900 325 2977 1819,
356 2894 491 2957 aulicus
522 2894 743 2957 consiliarius
774 2895 865 2957 desi·

123 3036 165 3078 us
183 3025 247 3079 est.
272 3016 537 3098 Verumtamen,
554 3017 636 3079 dum
653 3017 765 3079 multa
779 3016 866 3079 foris

124 3147 178 3219 iat,
196 3138 290 3200 domi
306 3146 402 3201 totus
416 3139 541 3201 vivens
559 3138 742 3201 consilium
759 3148 795 3201 et
809 3158 867 3217 ce·

126 3270 141 3323 t
158 3270 331 3323 executus
347 3270 402 3323 est
415 3261 497 3323 novi
511 3281 530 3323 e
542 3260 783 3325 fundamentis
795 3280 867 3323 mo·

124 3383 182 3445 arii
195 3369 416 3458 exstruendi;
430 3385 526 3464 quod
538 3384 597 3445 vel
608 3383 678 3465 ipsi
690 3383 868 3466 augustis·

146 3505 351 3586 imperatori
373 3507 463 3568 adeo
484 3524 554 3568 non
577 3505 756 3588 ingratum
778 3525 869 3588 opus

124 3627 868 3710 merat,utpermiseritfilioFerdinandoV.

124 3749 245 3831 gariae
258 3750 335 3832 regi
350 3749 506 3831 lapidem
519 3769 653 3831 ponere
666 3750 869 3832 primarium

125 3870 171 3932 aii
192 3875 282 3933 1831.
307 3870 386 3952 Quo
403 3891 511 3953 opere
528 3872 683 3933 nondum
704 3872 751 3932 ad
770 3870 870 3934 fasti·

124 4013 135 4054 1
152 3995 324 4075 perducto
346 3993 457 4056 sacris
479 3992 658 4076 mysteriis
674 3992 742 4054 rite
759 3994 870 4055 muni-

124 4124 149 4176 et
166 4115 392 4178 confirmatus
409 4116 503 4178 diem
523 4134 728 4196 supremum
752 4113 870 4177 confe-

128 4237 255 4316 7.Nov.
270 4242 347 4300 1831
364 4225 457 4300 anno
470 4237 599 4300 aetatis
610 4242 660 4319 73,
674 4236 808 4300 ordinis
819 4240 870 4317 56,

124 4359 272 4422 essionis
295 4369 331 4422 et
354 4359 545 4422 sacerdotii
569 4381 620 4438 49.
644 4357 774 4420 Abbas
798 4377 870 4419 mo·

123 4481 196 4544 erio
208 4481 364 4563 praefuit
376 4501 487 4545 annos
502 4490 670 4563 quattuor
684 4490 720 4543 et
732 4479 870 4562 viginti,

124 4622 181 4664 ses
198 4602 364 4684 quinque.

126 4760 241 4843 Typis
257 4761 369 4823 edidit
385 4760 575 4823 conciones
592 4780 681 4822 occ:

128 4923 151 4978 I.
176 4922 244 4978 Von
267 4921 322 4978 der
345 4920 464 4977 Freude
490 4921 544 4977 des
567 4918 873 4977 Menschenfreundes

138 5027 187 5083 die
203 5026 531 5100 Versorguugsanstalt
554 5025 609 5083 der
632 5044 735 5081 armen
759 5025 876 5099 Biirger

124 5150 159 5187 rs.
179 5130 324 5195 Viennae,
346 5129 435 5202 1805.

127 5254 166 5309 II.
193 5252 249 5308 Die
266 5253 465 5326 Versorgung
491 5250 544 5306 der
560 5249 671 5306 Armen
687 5250 726 5305 im
743 5249 875 5323 Birger·

124 5358 159 5424 le,
178 5359 246 5412 eine
258 5355 474 5428 Nachahmung
490 5373 551 5410 von
567 5355 677 5412 Gottes
694 5353 874 5410 Meuschen-

124 5463 214 5535 hung.
239 5461 383 5526 Viennae,
405 5455 495 5516 1806.

1029 691 1152 764 Werl
1167 703 1420 768 Vincentius
1442 704 1776 789 (Gottvicensis),

942 829 1048 882 natus
1065 819 1122 882 die
1144 842 1191 886 10.
1207 821 1296 905 Apr.
1317 828 1398 887 1810
1414 825 1449 886 in
1467 823 1688 888 Grafendorf
1701 826 1775 888 Au-

942 940 1060 1023 striae,
1078 963 1104 1004 s
1121 943 1246 1006 habitu
1269 945 1414 1009 indutus
1437 946 1494 1008 die
1512 950 1562 1010 26.
1580 945 1660 1010 Oct.
1681 952 1775 1027 1828,

942 1071 1027 1125 vota
1043 1064 1227 1127 sollemnia
1244 1067 1360 1130 emisit
1376 1068 1434 1130 die
1454 1088 1502 1147 17.
1516 1067 1621 1132 Mart.
1643 1074 1721 1131 1833
1741 1080 1776 1131 et

942 1184 1093 1266 primum
1118 1206 1258 1251 sacrum
1278 1189 1358 1252 Deo
1382 1190 1511 1253 obtulit
1536 1191 1594 1253 die
1614 1195 1661 1253 15.
1679 1192 1774 1273 Aug.

947 1309 1038 1369 1833.
1062 1307 1133 1370 Per
1156 1309 1244 1372 duos
1267 1330 1378 1373 annos
1404 1312 1516 1375 curati
1540 1311 1657 1374 officio
1682 1313 1776 1375 domi

943 1427 1161 1511 fungebatur
1190 1431 1273 1494 dein
1297 1433 1513 1515 theologiam
1537 1435 1776 1516 dogmaticam

943 1568 1008 1630 per
1025 1551 1190 1613 undecim
1206 1572 1318 1616 annos
1331 1554 1487 1636 tradidit,
1504 1556 1596 1618 inter
1608 1557 1704 1636 quod
1716 1576 1777 1617 an-

942 1689 1068 1732 norum
1078 1671 1234 1753 spatium
1243 1675 1390 1737 multum
1402 1676 1592 1739 laborabat
1603 1677 1638 1738 in
1651 1676 1777 1739 biblio-

944 1792 1060 1855 theca.
1083 1792 1153 1855 Die
1175 1815 1223 1872 14.
1239 1794 1314 1860 Iun.
1337 1802 1417 1875 1846
1435 1797 1776 1861 administrationem

944 1913 1047 1976 aulae
1058 1912 1469 1980 GottvicensisViennae
1480 1920 1638 2001 suscepit
1647 1929 1684 1982 et
1697 1926 1775 1998 1847

944 2043 981 2097 et
1005 2035 1132 2099 iterum
1157 2041 1236 2100 1852
1263 2039 1445 2102 abbatiam
1470 2038 1776 2104 Szalavariensern

944 2156 980 2218 in
991 2156 1177 2240 Hungaria
1194 2160 1510 2224 administrandam
1526 2163 1630 2243 petiit
1643 2174 1679 2225 et
1696 2169 1776 2226 1858

945 2298 1065 2341 curam
1088 2280 1284 2343 animarum
1310 2281 1347 2345 in
1370 2283 1496 2346 Mauer
1522 2285 1637 2367 gessit
1663 2306 1776 2367 usque

949 2403 1040 2481 1860,
1057 2420 1127 2482 quo
1148 2421 1240 2464 anno
1258 2404 1400 2466 domum
1420 2424 1585 2468 reversus
1607 2416 1672 2469 est.
1705 2406 1777 2469 Ob-

945 2521 1112 2585 dormivit
1128 2523 1164 2586 in
1179 2523 1333 2588 Domino
1350 2525 1407 2589 die
1425 2530 1454 2590 5.
1471 2527 1559 2591 Dec.
1580 2532 1671 2593 1861.

1032 2648 1054 2704 1.
1068 2649 1438 2726 Manuscripten·Catalog
1450 2651 1504 2708 der
1515 2651 1775 2711 Stistsbibliothek

945 2751 1111 2828 Gottweig.
1129 2751 1158 2832 (i.
1176 2772 1203 2810 e.
1220 2754 1385 2829 Catalogus
1402 2755 1538 2812 codicum
1556 2760 1775 2834 manuscripto-

946 2875 1010 2912 rum
1031 2856 1234 2914 bibliothecae
1250 2857 1480 2938 Gottvicensis)
1504 2861 1546 2916 III
1569 2873 1640 2917 tom.
1666 2863 1721 2917 Ms.
1747 2865 1776 2917 in

946 2959 1019 3017 bibl.
1037 2961 1141 3018 Gottv.

1033 3064 1070 3121 II.
1107 3066 1165 3121 Die
1196 3067 1474 3142 typographischen
1505 3068 1688 3125 lncunabeln
1725 3069 1778 3125 der

947 3165 1205 3225 Stistsbibliothek
1218 3169 1385 3245 Gottweig.
1401 3167 1430 3248 (i.
1445 3189 1471 3227 e.
1489 3170 1673 3229 Incunabula
1689 3186 1778 3248 typo·

948 3272 1095 3347 graphica
1110 3271 1312 3330 bibliothecae
1329 3273 1447 3353 Gottv.)
1468 3276 1480 3330 I
1497 3289 1568 3333 tom.
1586 3277 1642 3333 Ms.
1661 3279 1688 3332 in
1705 3276 1777 3334 bibl.

949 3375 1056 3433 Gottv.

1036 3480 1088 3536 III.
1105 3481 1315 3538 Verzeichniss
1331 3481 1385 3538 der
1397 3482 1524 3539 Aldinen
1541 3484 1600 3539 und
1612 3483 1778 3558 Ausgaben

949 3583 1184 3641 verschiedener
1194 3584 1310 3642 Werke
1322 3605 1382 3642 von
1400 3601 1620 3660 1494—1592.
1638 3584 1667 3664 (i.
1682 3608 1707 3644 e.
1722 3590 1780 3644 Ca·

950 3689 1071 3762 talogus
1087 3707 1214 3764 operum
1231 3690 1371 3747 editionis
1383 3690 1509 3747 Aldinae
1526 3704 1556 3747 et
1571 3691 1694 3747 aliarum
1712 3693 1779 3748 inde

950 3792 988 3849 ab
1005 3812 1084 3850 anno
1106 3791 1337 3872 1494—1592.)
1354 3795 1366 3849 I
1385 3808 1455 3851 tom.
1472 3796 1527 3851 Ms.
1546 3797 1573 3850 in
1587 3794 1658 3851 bibl.
1673 3796 1778 3853 Gottv.

1037 3898 1088 3955 IV.
1121 3897 1249 3971 Catalog
1279 3897 1333 3955 der
1360 3898 1575 3974 Kuplerstiche
1603 3899 1661 3954 und
1690 3901 1780 3956 Holz-

950 4003 1080 4059 schnitte
1108 4003 1161 4059 des
1185 4002 1292 4059 Stistes
1315 4002 1480 4078 Gottweig.
1508 4000 1537 4081 (i.
1564 4022 1589 4060 e.
1615 4004 1781 4079 Catalogus

950 4108 1111 4180 imaginum
1139 4125 1210 4163 aere
1237 4120 1267 4162 et
1293 4107 1376 4181 ligno
1404 4126 1582 4164 excusatum
1606 4113 1779 4165 monasterii

950 4210 1068 4289 Gottv.)
1085 4213 1112 4268 ll
1130 4224 1200 4267 tom.
1217 4212 1273 4267 Ms.

1054 4342 1293 4437 Weymayr
1310 4352 1506 4416 Thassilo
1520 4352 1784 4433 (Admonten-

951 4470 1038 4552 sis),
1063 4471 1206 4534 natione
1232 4469 1361 4554 Styrus
1384 4490 1404 4533 e
1432 4471 1582 4554 Zeiring,
1609 4493 1658 4533 21.
1679 4472 1783 4534 Mart.

957 4598 1036 4655 1825
1061 4602 1166 4656 natus
1191 4594 1318 4656 studiis
1337 4592 1557 4675 ludenburgi
1581 4602 1617 4655 et
1643 4592 1784 4656 Graecii

953 4735 1090 4778 summa
1107 4735 1187 4778 cum
1202 4716 1308 4778 laude
1328 4714 1511 4795 absolutis,
1532 4714 1784 4776 monasterium

954 4838 1201 4900 Admontense
1217 4846 1345 4919 petens
1360 4859 1391 4915 4.
1407 4836 1482 4899 Iun.
1504 4841 1584 4914 1848
1600 4845 1685 4898 vota
1703 4837 1786 4898 emi·

954 4959 1001 5022 sit
1009 4959 1194 5022 sollemnia
1203 4968 1240 5021 et
1249 4963 1278 5021 6.
1288 4959 1382 5042 Aug.
1398 4963 1478 5037 1848
1492 4958 1593 5021 stetit
1605 4960 1651 5020 ad
1663 4959 1786 5037 altare,

955 5102 1035 5145 cum
1058 5102 1079 5144 a
1103 5102 1175 5144 rev.
1201 5082 1293 5145 dom.
1317 5081 1587 5162 archiepiscopo
1609 5079 1785 5143 Salisbur-

955 5204 1059 5287 gensi
1079 5202 1260 5266 Friderico
1276 5202 1313 5265 in
1328 5203 1552 5265 sacerdotem
1574 5211 1670 5263 esset
1695 5201 1786 5263 ordi-

956 5335 1069 5388 natus
1105 5326 1233 5388 Totam
1260 5324 1371 5387 vitam
1402 5323 1577 5385 iuventuti
1605 5323 1786 5385 studiosae

956 5449 1136 5529 dedicans,
1152 5447 1302 5530 primum
1318 5447 1353 5509 in
1371 5444 1542 5509 coenobio
1558 5465 1689 5527 pueros
1705 5466 1787 5507 can-
