4034 6262
736 528 1134 600 -511—·

10 713 84 777 10115
112 715 266 797 scriptis
290 716 415 778 elucet.
452 713 551 777 Obiit
574 713 677 777 nimis
701 723 838 777 mature
876 723 880 738 '

10 836 53 898 lie
71 840 124 899 23.
144 836 243 919 Aug.
265 841 355 916 1763.
379 836 556 917 Reliquit:

82 962 108 1016 1.
136 962 336 1036 Dogmatica,
361 962 495 1028 moralia,
521 963 690 1036 exegetica,
715 962 839 1018 concio·

10 1067 118 1122 ratoria
136 1078 168 1121 et
184 1066 332 1123 historica
348 1068 377 1121 in
394 1065 531 1122 undecim
547 1066 618 1122 voll.
635 1068 665 1121 in
680 1064 743 1133 iol,
761 1084 838 1140 quo·

10 1189 64 1225 um
81 1170 244 1245 quodlibet
259 1169 432 1243 500—800
448 1188 519 1245 pag.
541 1168 643 1226 habet.
667 1171 700 1225 In
725 1169 838 1226 archiv.

10 1275 119 1348 lrgov.

90 1380 128 1435 ll.
147 1380 282 1435 Diariurn
304 1377 468 1452 1751—63
488 1379 607 1446 Latine,
632 1379 661 1433 in
677 1377 728 1434 iol.
751 1377 789 1450 85
809 1396 838 1452 p.

10 1485 34 1539 [n
52 1484 167 1540 archiv.
185 1482 392 1539 Mum-Gries.

92 1611 364 1685 Widerhofer
393 1622 607 1686 Honorius
637 1624 841 1706 (Lamber-

10 1739 144 1821 tinus),
166 1750 271 1803 natus
295 1750 351 1803 est
374 1742 409 1804 in
431 1741 538 1805 Cellis
554 1743 595 1805 B.
604 1742 648 1806 V.
665 1743 701 1805 in
718 1741 840 1825 Styria

9 1882 56 1939 10.
81 1862 169 1923 Maii
198 1883 289 1942 179²·
315 1863 451 1928 Studiis
476 1863 710 1947 gymnasticis
735 1865 840 1926 abso-

10 1982 90 2044 lutis
99 1983 260 2046 habitum
271 1986 409 2068 nigrum
419 1986 487 2048 sibi
496 1986 593 2049 indui
602 1986 688 2049 fecit
700 2005 749 2065 27.
761 1985 839 2049 Oct.

10 2107 88 2165 1811
117 2104 154 2167 in
178 2107 392 2170 monasterio
417 2128 443 2172 5.
460 2108 640 2170 Lamberti
657 2109 693 2171 in
709 2106 841 2191 Styria,

10 2225 69 2287 ubi
85 2226 271 2307 professus
292 2239 348 2292 est
365 2234 393 2293 3.
411 2230 501 2308 Aug.
522 2233 613 2294 1816.
644 2229 842 2293 Celebratis

10 2348 42 2409 10
59 2348 195 2430 oppido
212 2359 362 2430 paterno
384 2351 549 2432 primitiis
566 2353 609 2435 (1.
625 2350 725 2433 Sept.
748 2352 840 2431 1816)

10 2467 126 2532 factus
139 2480 195 2532 est
204 2483 414 2552 cooperator
423 2473 459 2536 in
468 2474 749 2555 Weisskirchen,
759 2473 841 2536 dein

10 2591 42 2652 in
60 2590 168 2653 Cellis
185 2592 355 2656 Marianis
373 2596 580 2678 (1820—27),
604 2595 754 2659 sacrista
777 2594 841 2658 ibi·

10 2714 90 2775 dem
108 2713 314 2795 (1827-29).
340 2715 419 2796 Qua
435 2716 517 2780 talis
533 2716 726 2799 imaginem
742 2717 843 2779 thau-

10 2844 197 2918 maturgae
213 2835 373 2918 Virginis
396 2857 442 2900 ex
458 2837 631 2900 incendiis
650 2838 759 2920 (1827)
778 2837 843 2900 eri-

10 2956 96 3039 puit.
126 2962 207 3020 1830
222 2956 404 3039 professor
425 2958 606 3022 facultatis
626 2959 843 3042 philosophi-

9 3100 73 3142 cae
99 3080 134 3141 in
157 3080 250 3142 univ.
270 3079 464 3144 Graecensi
485 3081 636 3163 primum
661 3082 843 3163 supplenS,

13 3206 93 3264 1833
123 3222 210 3265 vero
238 3203 401 3282 publicus
429 3203 628 3266 ordinarius
656 3213 693 3266 et
720 3205 845 3267 doctor

10 3323 259 3405 philosophiae
292 3334 432 3387 creatus
463 3334 528 3386 est.
571 3323 671 3388 Obiit
702 3323 846 3389 Graeeii

10 3450 38 3506 3.
56 3447 145 3509 Dec.
168 3451 258 3526 1859.

99 3568 213 3650 Typis
230 3568 343 3631 dedit:

98 3693 263 3750 Dankrcde
279 3713 316 3750 an
333 3695 381 3750 die
394 3696 640 3769 grossmiithigen
653 3695 846 3753 Wohlthater

10 3798 63 3854 der
86 3798 363 3855 osterreichischen
383 3799 559 3855 Monarchie
583 3799 630 3854 fiir
654 3799 702 3855 die
726 3799 793 3857 dem
817 3803 846 3857 in

10 3902 64 3959 der
88 3902 186 3957 Nacht
213 3922 281 3959 vom
311 3918 335 3960 1.
360 3903 414 3959 auf
437 3904 495 3960 den
520 3919 548 3961 2.
570 3902 742 3961 November
766 3904 846 3978 1827

9 4006 107 4061 durch
136 4007 235 4062 Feuer
262 4008 442 4063 verhcerten
471 4006 668 4065 Gnadenorte
695 4009 846 4065 Mariazell

10 4110 156 4184 gnadigst
173 4112 401 4185 zugessosscnen
418 4113 569 4186 beitrage.
588 4109 617 4189 (i.
633 4131 660 4168 0.
675 4112 848 4169 Gratiarum

10 4216 93 4270 actio
118 4212 250 4270 exhibita
274 4217 435 4289 generosis
459 4214 704 4272 benefactoribus
730 4235 848 4275 monar-

11 4319 100 4375 chiae
116 4318 299 4375 Austriacae
324 4338 379 4394 pro
405 4317 560 4375 beneficiis
583 4319 696 4396 oppido
719 4320 848 4377 Cellensi

13 4425 88 4496 igne
105 4422 266 4479 devastato
282 4419 422 4501 collatis.)
446 4423 659 4498 Vorgetragen
681 4426 710 4479 in
724 4423 850 4498 Cegen·

10 4538 91 4582 wart
107 4526 162 4582 der
178 4527 378 4600 andachtigcn
395 4526 521 4583 Wiener
537 4530 718 4584 Prozession
744 4531 772 4584 in
797 4528 851 4585 der

10 4630 251 4687 Gnadenkirche
281 4650 316 4686 zu
346 4632 498 4689 Mariazell
530 4650 576 4687 am
613 4647 640 4688 2.
669 4633 726 4708 Juli
759 4632 849 4690 1828.

10 4734 115 4801 wien,
138 4735 228 4794 1828.
254 4735 317 4791 Aus
339 4736 393 4793 der
409 4736 851 4812 Mechitharisten·Congrega-

11 4840 366 4898 tions-Buchdruckerei.
385 4841 428 4898 8⁰.
447 4855 484 4913 23
504 4860 533 4915 p.

103 4969 304 5043 Wieland
327 4983 509 5045 Ioannes
535 4983 656 5063 Bapt.
682 4983 852 5065 (Muren-

12 5101 98 5183 sis),
122 5112 228 5162 natus
253 5111 308 5163 est
332 5101 367 5163 in
392 5102 525 5183 oppido
549 5102 792 5166 Rheinfelden
817 5105 852 5166 in

15 5222 182 5306 Argovia
204 5228 437 5302 1732011753
463 5224 647 5286 sollemnia
662 5235 748 5288 vota
770 5226 853 5288 erni-

15 5343 72 5406 sit.
110 5344 210 5406 Intra
238 5346 362 5408 decem
389 5365 521 5428 annos,
551 5367 640 5428 quos
666 5347 703 5410 in
732 5347 854 5410 ordine

14 5466 126 5550 vixit,
160 5468 278 5530 omnia
308 5468 383 5531 fere
411 5488 557 5531 munera
583 5469 756 5552 suscepit3
787 5469 856 5532 fuit

918 713 1011 775 enim
1030 714 1133 777 brevi
1155 716 1222 778 hoc
1246 716 1417 798 temporis
1440 716 1558 798 spatio
1582 718 1749 799 novitius,

918 834 1099 897 studiosus
1123 837 1339 919 theologiae,
1362 840 1546 920 sacerdos,
1567 839 1750 920 professor

917 957 1111 1019 rhetorices
1136 968 1171 1020 et
1198 958 1282 1021 iuris
1311 958 1486 1040 canonici,
1515 961 1748 1023 cancellariae

919 1077 1090 1160 director,
1126 1079 1340 1143 secretarius
1371 1081 1530 1163 abbatia,
1567 1082 1749 1163 inspector

917 1199 1248 1283 pharmacopoleOS,
1262 1202 1568 1265 viceoeconomus.
1593 1203 1750 1265 Videba-

918 1331 976 1383 tur
991 1322 1037 1383 ad
1054 1341 1190 1384 summa
1207 1333 1322 1405 natuS,
1339 1324 1402 1385 sed
1419 1323 1523 1386 eheu!
1546 1325 1647 1386 brevi
1669 1344 1750 1387 000-

920 1452 1116 1506 summatus
1138 1445 1299 1525 explevit
1318 1454 1480 1525 tempora
1496 1447 1617 1508 multa.
1641 1447 1750 1508 Varia

920 1563 1054 1644 scripta
1075 1565 1205 1647 ipsein
1221 1566 1344 1629 ultima
1360 1565 1563 1629 infirmitate
1585 1567 1659 1649 igni
1682 1578 1752 1628 tra-

921 1683 1020 1749 didit.
1046 1684 1145 1749 Obiit
1169 1687 1226 1750 die
1252 1688 1528 1767 22.Νο11.1763.
1552 1687 1653 1769 Opus
1676 1662 1752 1749 eius

921 1804 1191 1869 celeberrimum
1208 1820 1276 1870 est:
1297 1855 1301 1869 .

1008 1951 1030 2006 I.
1058 1950 1213 2008 Vindiciae
1240 1953 1436 2010 vindiciarum
1461 1956 1688 2030 Koppianarum
1717 1973 1753 2008 00

922 2053 1050 2127 proinde
1067 2057 1156 2110 etiam
1174 2070 1309 2113 actorum
1326 2059 1509 2115 Murensium
1527 2060 1673 2115 adversus
1691 2060 1752 2113 Ru-

922 2170 1039 2213 stenum
1067 2159 1166 2226 Heer‚
1198 2159 1458 2219 bibliothecarium
1490 2162 1752 2220 San-Blasianum

922 2261 1097 2318 adornatae.
1115 2263 1213 2339 Typis
1226 2267 1402 2341 principalis
1418 2269 1590 2323 monasterii
1604 2268 1754 2321 lllurensis

922 2384 979 2441 per
993 2366 1016 2421 l.
1034 2368 1073 2423 111.
1092 2368 1231 2425 Blunschi
1253 2368 1343 2442 1760.
1365 2377 1408 2442 4⁰.
1430 2386 1489 2444 190
1505 2392 1534 2447 p.
1560 2372 1645 2426 Haec
1662 2370 1753 2425 editio

922 2473 1074 2527 rarissima
1090 2492 1108 2528 a
1125 2475 1228 2528 nuntio
1245 2475 1418 2548 apostolico
1432 2475 1511 2531 Oddi
1529 2476 1687 2531 interdicta
1700 2475 1754 2530 sed

922 2593 940 2630 a
958 2575 1100 2632 cardinali
1114 2577 1257 2652 Garampi
1276 2577 1353 2651 1762
1373 2579 1491 2635 laudata
1504 2594 1559 2636 est.
1585 2581 1662 2635 Hinc
1675 2581 1754 2635 Baro

923 2679 961 2735 de
974 2680 1144 2737 Zurlauben
1160 2681 1322 2738 secundam
1339 2683 1500 2740 editionem
1514 2687 1639 2751 curavit,
1653 2683 1754 2739 Baden

923 2803 972 2860 ap.
990 2785 1023 2841 C.
1041 2785 1063 2841 I.
1081 2786 1242 2861 Baldingcr
1262 2786 1352 2861 1765.
1370 2794 1412 2859 4⁰.
1431 2802 1493 2844 200
1510 2808 1550 2864 p.,
1573 2802 1603 2844 ct
1623 2789 1756 2844 adiunxit

923 2889 1166 2946 dissertationem
1182 2889 1305 2966 abipso
1327 2890 1407 2966 1764
1423 2894 1545 2949 Parisiis
1570 2896 1598 2948 in
1618 2894 1756 2949 sessione

925 2995 1027 3068 regiae
1043 2994 1217 3052 academiae
1231 2995 1347 3052 Galliae
1360 2997 1467 3053 lectam
1485 3011 1515 3052 et
1526 3012 1635 3072 postea
1648 2999 1756 3052 Latine

925 3097 1070 3155 redditam
1095 3099 1132 3155 de
1155 3098 1323 3157 Adalberto
1347 3102 1538 3176 imperatoris
1562 3101 1714 3177 Rudolphi
1731 3103 1755 3158 l.

924 3217 1014 3259 atavo
1032 3217 1062 3260 et
1078 3203 1138 3260 filio
1155 3204 1295 3260 Werneri
1313 3207 1431 3261 comitis
1451 3205 1491 3262 ab
1510 3205 1684 3281 Habspurg‚
1709 3205 1757 3262 bis

925 3307 1020 3364 XXV.
1038 3327 1066 3382 p.

1012 3412 1050 3468 11.
1076 3411 1309 3488 Erdaiplelstreit
1332 3415 1361 3468 10
1386 3415 1460 3470 Muri
1485 3415 1544 3470 und
1566 3414 1757 3490 Umgebung,

926 3515 1104 3572 urkundlich
1121 3516 1302 3574 beleuchtet.
1328 3514 1358 3595 (i.
1376 3537 1402 3575 0.
1425 3519 1472 3575 De
1493 3518 1593 3575 litibus
1610 3522 1758 3575 111110051-

926 3618 983 3676 bus
1011 3623 1040 3675 in
1068 3640 1160 3677 causa
1187 3623 1321 3678 culturae
1349 3623 1502 3678 solaminis
1531 3622 1688 3700 tuberosi.)
1725 3625 1758 3678 ln

926 3724 1040 3781 archiv.
1057 3725 1262 3781 Maro-Gries

1013 3871 1184 3947 Wieser
1210 3883 1378 3945 Maurus
1411 3883 1759 3965 (Seitenstadien-

928 3998 1009 4081 sis),
1037 4010 1142 4064 natus
1170 4004 1227 4066 die
1254 4008 1303 4065 28.
1327 4002 1432 4064 Febr.
1464 4007 1539 4080 1841
1569 4004 1602 4064 in
1626 4005 1759 4085 oppido

929 4121 1220 4186 Seitenstettensi
1238 4124 1412 4187 absolutis
1433 4125 1610 4207 gymnasii
1633 4126 1760 4187 studiis

930 4265 1031 4307 sacra
1048 4246 1180 4308 ordinis
1193 4247 1304 4309 nostri
1317 4256 1418 4308 veste
1431 4247 1488 4308 die
1506 4268 1552 4325 19.
1565 4248 1664 4329 Sept.
1680 4252 1761 4310 1860

930 4367 1075 4430 indutus
1088 4377 1153 4430 est.
1169 4368 1274 4431 Votis
1287 4369 1516 4431 sollemnibus
1529 4369 1586 4431 die
1599 4391 1648 4431 20.
1659 4369 1760 4451 Sept.

935 4494 1015 4567 1864
1042 4491 1219 4571 susceptis
1247 4511 1441 4571 sacraeque
1465 4492 1665 4573 theologiae
1689 4503 1762 4554 stu-

931 4611 998 4674 diis
1019 4613 1065 4674 ad
1086 4611 1192 4675 finem
1215 4612 1398 4694 perductis
1422 4616 1590 4675 sacerdos
1613 4614 1762 4695 inaugu-

931 4745 1030 4798 ratus
1058 4736 1278 4798 incruentum
1306 4736 1349 4800 N.
1374 4736 1413 4798 T.
1446 4735 1656 4798 sacrificium
1683 4736 1761 4797 Deo

932 4857 1083 4939 primurn
1100 4858 1229 4920 obtulit
1241 4859 1298 4920 die
1312 4862 1363 4919 31.
1373 4859 1436 4922 Iul.
1450 4862 1542 4920 1865.
1568 4857 1686 4920 Unum
1699 4877 1764 4941 per

932 4998 1062 5041 annum
1084 4979 1120 5041 in
1139 4981 1309 5061 parochia
1324 4980 1548 5042 Drosendorf
1561 4982 1763 5063 presbyteri

934 5100 1118 5163 auxiliaris
1135 5121 1279 5165 munere
1295 5102 1452 5183 functuS,
1477 5122 1541 5184 per
1562 5103 1764 5183 proximum

933 5222 1122 5284 triennium
1142 5222 1176 5285 in
1193 5224 1288 5288 univ.
1300 5224 1454 5287 Vindob.
1472 5224 1600 5286 studiis
1617 5225 1765 5305 philolo-

934 5344 990 5427 gis
1007 5364 1152 5426 operam
1170 5346 1278 5409 dedit.
1304 5346 1441 5427 Quibus
1457 5345 1631 5409 absolutis
1647 5345 1682 5407 in
1700 5365 1765 5409 0.1.

935 5468 1123 5550 gymnasio
1150 5466 1448 5532 Seitenstadiensi
1474 5469 1632 5551 linguam
1656 5466 1766 5530 Grae-
