4034 6262
137 710 284 774 iuvenis
302 731 337 791 17
354 731 525 774 annorum
541 712 682 775 stimulo
696 714 874 775 eruendae
890 713 979 777 anti-

140 832 294 913 quitatis
330 834 476 916 ductuS,
512 854 597 896 casu
632 833 779 896 fortuito
813 835 980 897 volumen

139 974 253 1017 unum
269 955 531 1037 topographiae
547 975 568 1017 a
585 954 740 1038 Schwoy
761 955 879 1019 editae
896 957 981 1019 arri·

142 1085 258 1159 peret,
280 1079 376 1159 quod
398 1078 444 1139 ad
461 1086 658 1140 extremum
678 1079 868 1140 revolvens
889 1077 981 1140 desi·

144 1197 246 1261 derio
263 1199 409 1281 exarsit,
426 1211 465 1262 ut
481 1201 672 1281 aliquando
689 1200 837 1262 mendas
858 1200 981 1262 inven-

144 1329 201 1382 tas
218 1321 398 1404 corrigere
412 1321 480 1384 sibi
491 1321 624 1385 liceret.
638 1321 753 1404 Quod,
763 1341 869 1403 quam
878 1342 981 1403 prae·

145 1444 243 1506 claro
256 1446 363 1506 modo
375 1452 503 1525 postea
512 1444 741 1526 praestiterit,
750 1443 846 1507 fama
858 1444 982 1526 adqui·

147 1564 216 1627 sita
237 1575 276 1628 ut
294 1564 478 1628 Moraviae
491 1566 707 1649 topographi
720 1567 888 1630 declarat.
906 1565 981 1628 Ab·

147 1686 275 1748 solutis
291 1687 418 1749 studiis
430 1686 696 1750 humanioribus
713 1696 751 1750 ut
767 1707 875 1768 supra
892 1687 981 1749 dixi-

148 1826 226 1869 mus
240 1807 397 1869 Brunam
416 1828 455 1870 se
476 1808 624 1871 contulit
642 1807 890 1890 philosophiae
910 1817 982 1871 stu·

147 1929 256 1991 dendi
283 1949 391 1992 eausa
415 1929 534 2010 ibique
555 1929 657 1992 annis
686 1934 849 1992 1810-11
874 1930 982 1992 ductu

149 2051 344 2114 celebrium
369 2061 392 2116 t.
410 2061 433 2116 t.
454 2052 696 2134 professorum
720 2053 778 2115 dd.
801 2052 983 2115 Likawetz

149 2182 185 2235 et
200 2173 423 2236 Hallaschka
443 2176 518 2238 ord.
535 2172 571 2237 S.
588 2174 656 2236 Ios.
674 2172 891 2236 Calasanctii
910 2181 983 2235 stu·

149 2295 289 2357 diorum
306 2294 631 2377 philosophicorum
652 2315 792 2357 cursum
816 2295 984 2358 eminenti

149 2437 230 2479 cum
239 2436 433 2500 progressu
446 2417 610 2480 absolvit.
629 2416 770 2480 Statum
784 2416 984 2481 clericalem

149 2538 200 2600 uti
218 2559 346 2601 munus
358 2560 380 2601 a
390 2539 470 2601 Deo
487 2539 554 2601 sibi
570 2538 791 2622 assignatum
808 2540 983 2622 aspirans,

148 2663 195 2726 ad
209 2663 305 2744 quod
318 2661 378 2742 pia
391 2670 505 2723 mater
517 2661 578 2723 diu
590 2672 696 2724 antea
709 2681 770 2724 cor
778 2630 818 2724 et
830 2661 984 2725 animum

150 2785 212 2847 filii
229 2793 520 2866 praeparaverat,
538 2805 567 2862 9.
579 2783 667 2846 Dec.
685 2787 761 2846 1811
782 2785 828 2846 ad
842 2787 984 2847 domum

150 2907 352 2970 clericalem
362 2905 537 2971 Olomucii
549 2905 683 2988 suscipi
693 2906 859 2988 precibus
870 2906 985 2969 enixis

149 3029 295 3109 orabat,
332 3027 461 3109 quibus
499 3036 678 3090 annuente
714 3023 985 3110 archiepiscopo

149 3149 287 3229 Wolny
296 3149 331 3210 in
342 3168 509 3211 caesareo
518 3149 619 3231 regio
628 3149 732 3231 lyceo
741 3150 873 3213 ibidem
882 3171 985 3232 prae·

151 3270 327 3332 lectiones
339 3269 561 3352 theologicas
574 3289 620 3332 ex
628 3270 888 3354 archaeologia,
902 3291 986 3335 exe-

150 3391 241 3473 gesi,
258 3390 381 3473 lingua
397 3390 576 3453 Hebraica
597 3400 634 3454 et
654 3392 801 3455 historia
818 3394 985 3457 ecclesia·

151 3513 244 3577 stica
267 3514 520 3595 frequentabat
543 3534 608 3596 per
628 3534 772 3586 annum;
797 3523 881 3577 tunc
897 3516 986 3578 Bru-

149 3655 234 3697 nam
257 3655 379 3697 mense
401 3634 549 3699 Octobri
570 3640 648 3698 1812
672 3636 845 3699 remeavit
866 3637 986 3720 ibique

149 3776 217 3837 per
246 3756 435 3818 triennium
461 3756 495 3819 in
519 3757 683 3820 instituto
706 3758 909 3842 theologico
930 3781 986 3824 ce-

149 3890 250 3941 teras
266 3887 388 3960 partes
405 3879 576 3942 scientiae
592 3900 715 3944 sacrae
729 3881 870 3962 aequali
886 3881 987 3944 indu·

150 4000 240 4062 stria
256 4020 299 4062 ac
317 4019 452 4062 summa
476 4021 554 4063 cum
579 4002 684 4064 laude
705 4001 841 4064 audivit
864 4002 924 4084 ita,
948 4012 988 4066 ut

150 4122 223 4184 iam
240 4121 355 4202 primo
379 4133 617 4187 commoratus
642 4124 696 4187 sui
720 4144 813 4187 anno
836 4127 882 4188 ob
904 4126 987 4188 emi-

151 4253 299 4306 nentem
322 4263 552 4327 progressum
574 4246 790 4329 stipendium
812 4268 870 4310 100
886 4246 919 4312 fl.
941 4267 988 4310 ex

149 4364 265 4427 fundo
277 4365 462 4447 religionis
475 4367 652 4430 meruerit.
672 4368 733 4430 Ad
744 4367 850 4432 finem
864 4388 988 4432 cursus
1019 4443 1023 4450 Ι

151 4486 360 4581 theologiae
371 4489 612 4551 catecheticae
622 4500 658 4551 et
670 4489 893 4553 methodicae
903 4509 988 4572 ope·

150 4627 229 4668 ram
246 4607 346 4670 dedit
362 4619 398 4670 et
414 4611 587 4672 absolutis
603 4611 731 4674 studiis
747 4621 819 4673 tam
832 4611 988 4694 philoso-

152 4727 272 4810 phicis
289 4749 395 4810 quam
412 4731 623 4815 theologicis
636 4732 804 4795 eminenti
817 4752 896 4795 cum
907 4753 989 4814 pro-

149 4849 271 4932 fectu,
297 4853 501 4933 exemplum
524 4853 601 4935 viri,
627 4855 752 4916 eadem
776 4854 811 4916 in
833 4853 989 4936 civitate,

150 4973 249 5035 unde
275 4972 352 5053 ipse
379 4982 456 5036 erat
478 4975 552 5037 nati
568 4974 721 5038 Richter
744 4975 866 5057 nostri,
890 4994 991 5039 secu-

149 5104 211 5157 tus
228 5113 352 5156 mense
367 5094 561 5157 Februario
579 5100 659 5158 1816
671 5099 767 5179 apud
781 5117 845 5160 nos
858 5097 991 5179 suscipi

150 5215 299 5298 rogavit
316 5224 353 5278 et
370 5218 518 5279 obtenta
538 5220 693 5300 desuper
704 5219 867 5301 gubernii
883 5219 991 5282 licen-

148 5337 202 5401 tia
233 5337 316 5401 ddo.
346 5342 374 5401 8.
398 5338 503 5402 Febr.
534 5339 637 5402 huius
665 5340 824 5404 habitum
851 5362 991 5405 sacrum

149 5482 180 5539 q.
205 5459 314 5522 Mart.
340 5479 361 5520 a
387 5461 478 5522 dom.
500 5461 633 5524 abbate
654 5463 861 5546 Augustino
884 5466 991 5528 Koch

1060 708 1211 791 accepit.
1243 710 1421 774 Absoluto
1448 712 1624 776 novitiatu
1651 724 1688 775 et
1710 723 1894 777 transacto

1062 829 1180 911 aliquo
1192 838 1354 913 tempore
1363 833 1568 896 ulteriorum
1578 836 1774 897 studiorum
1785 856 1894 898 causa

1062 950 1237 1015 Olomucii
1258 972 1351 1015 anno
1372 957 1451 1016 1818
1473 976 1520 1018 12.
1537 954 1611 1017 Ian.
1637 958 1682 1018 ad
1707 976 1733 1019 S.
1757 957 1893 1038 profes-

1061 1072 1196 1135 sionem
1212 1074 1389 1136 admissus
1406 1084 1442 1137 et
1458 1073 1655 1157 Gregorius
1672 1087 1820 1140 vocatus
1838 1090 1893 1140 est

1062 1193 1159 1257 facta
1183 1195 1296 1277 prius,
1321 1197 1426 1258 modo
1451 1197 1570 1279 solit0,
1597 1199 1787 1261 donatione
1812 1201 1893 1260 sub-

1063 1316 1217 1379 stantiae
1234 1336 1320 1379 suae
1337 1316 1505 1380 fratribus
1527 1319 1611 1400 suiS,
1632 1320 1667 1381 in
1688 1340 1894 1402 recompen-

1062 1437 1237 1501 sationem
1251 1438 1499 1521 impensarum,
1516 1440 1552 1502 in
1569 1461 1649 1502 eum
1663 1450 1809 1523 propter
1822 1451 1894 1503 stu-

1062 1559 1122 1621 dia
1149 1560 1367 1623 collatarum.
1407 1582 1457 1639 29.
1487 1561 1626 1643 Martii,
1660 1582 1751 1643 quae
1780 1563 1896 1624 fuerat

1061 1680 1249 1744 Dominica
1271 1682 1306 1743 in
1327 1682 1433 1765 albis,
1458 1686 1505 1745 ab
1529 1684 1701 1766 episeopo
1718 1685 1894 1745 Brunensi

1063 1801 1212 1865 Stuffler
1232 1803 1268 1866 in
1284 1804 1436 1866 ecclesia
1454 1803 1552 1866 filiali
1575 1808 1620 1868 ad
1637 1826 1663 1867 s.
1681 1806 1894 1868 Michaelem

1063 1925 1109 1986 ad
1136 1927 1409 2008 presbyteratus
1437 1926 1596 1989 ordinem
1623 1937 1808 2010 promotus
1841 1940 1895 1989 est

1063 2046 1199 2127 Wolny
1222 2058 1258 2109 et
1282 2047 1446 2129 primitiis
1475 2050 1664 2111 celebratis
1690 2051 1786 2111 chori
1807 2049 1896 2132 figu-

1062 2169 1147 2230 ralis
1163 2189 1292 2251 regens
1305 2171 1351 2231 ob
1364 2171 1549 2233 scientiam
1562 2172 1728 2253 musicae,
1738 2193 1808 2253 qua
1821 2173 1896 2252 pol·

1064 2290 1171 2371 lebat,
1190 2290 1447 2353 denominatus.
1471 2292 1531 2353 Ad
1552 2292 1761 2374 petitionem
1783 2293 1896 2354 consi-

1065 2411 1166 2473 storii
1181 2412 1377 2474 Brunensis
1393 2414 1490 2475 ddt0.
1508 2434 1555 2476 12.
1565 2413 1654 2476 Nov.
1673 2419 1753 2476 1818
1767 2414 1801 2476 in
1815 2417 1896 2476 sub-

1066 2533 1195 2596 sidium
1209 2555 1315 2597 curae
1327 2535 1522 2598 animarum
1531 2537 1681 2599 mittitur
1690 2537 1895 2599 Kanitzium

1066 2665 1102 2718 et
1114 2656 1305 2719 transactis
1317 2656 1450 2719 ibidem
1458 2658 1594 2738 aliquot
1602 2658 1895 2738 hebdomadibus,

1066 2798 1173 2859 quum
1197 2779 1409 2860 gubernium
1433 2779 1616 2842 Moraviae
1641 2782 1726 2842 ddto
1750 2785 1800 2842 26.
1822 2781 1896 2842 lan.

1064 2900 1168 2962 huius
1184 2902 1230 2961 ab
1247 2902 1380 2962 abbate
1400 2910 1522 2962 nostro
1544 2902 1768 2982 quaesiisset,
1785 2923 1830 2963 an
1847 2901 1897 2963 in·

1066 3023 1211 3085 dividua
1227 3041 1293 3104 pro
1310 3023 1490 3085 cathedris
1506 3023 1542 3085 in
1557 3023 1721 3086 instituto
1743 3023 1898 3105 philoso-

1066 3144 1167 3224 phico
1198 3144 1375 3207 Brunensi
1406 3144 1535 3208 idonea
1565 3155 1796 3241 praesentare
1829 3145 1897 3206 iam

1065 3276 1199 3348 posset,
1216 3284 1286 3329 sec.
1305 3266 1577 3330 conventionem
1595 3269 1750 3348 desuper
1765 3267 1898 3329 factam

1066 3389 1163 3452 ddt0.
1189 3408 1236 3450 10.
1255 3376 1354 3470 Sept.
1376 3392 1456 3467 1819
1473 3387 1670 3472 Gregorius
1687 3399 1816 3472 noster,
1839 3391 1899 3471 qui

1066 3509 1136 3572 iam
1161 3530 1255 3572 anno
1283 3514 1362 3588 1817
1389 3509 1559 3573 Olomutii
1582 3531 1734 3573 examen
1762 3512 1898 3573 adhoc

1066 3631 1226 3695 subierat
1252 3653 1323 3694 una
1351 3654 1429 3695 cum
1458 3633 1655 3695 Benedicto
1682 3634 1834 3695 Richter
1863 3645 1899 3694 et

1067 3754 1207 3816 Aloisio
1224 3739 1377 3836 Skarka,
1398 3757 1443 3816 ad
1464 3757 1532 3817 hoc
1548 3776 1673 3817 munus
1696 3757 1898 3836 deputatur.

1067 3876 1254 3939 Facultate
1271 3879 1316 3938 ad
1333 3878 1532 3940 docendum
1554 3881 1605 3940 25.
1622 3879 1717 3959 Aug.
1740 3883 1820 3938 1820
1837 3880 1898 3937 ob-

1067 4006 1167 4060 tenta
1176 3998 1359 4061 historiam
1373 3999 1607 4061 universalem
1621 4009 1656 4060 et
1669 3998 1898 4080 philologiam

1066 4120 1259 4202 incipiente
1278 4141 1369 4183 anno
1390 4121 1603 4183 scholastico
1616 4122 1851 4202 praelegebat
1864 4129 1900 4181 et

1067 4241 1168 4304 brevi
1184 4250 1267 4323 post
1283 4242 1465 4324 iuvenum,
1488 4263 1577 4324 quos
1593 4244 1762 4306 historiae
1779 4265 1898 4307 amore

1067 4363 1253 4445 imbuerat,
1274 4383 1440 4426 coronam
1456 4365 1642 4427 collectam
1659 4365 1817 4446 aspexit,
1840 4366 1900 4446 qui

1068 4487 1114 4548 ad
1130 4485 1286 4548 studium
1302 4485 1413 4548 hocce
1435 4490 1715 4568 promovendum
1740 4508 1900 4570 organon

1070 4608 1349 4692 „Taschenbueh
1359 4608 1416 4671 fiir
1424 4607 1639 4672 Geschichte
1649 4611 1816 4672 M‘ahrens
1828 4613 1901 4672 und

1070 4728 1294 4794 Schlesiens“
1322 4743 1505 4814 vocatum,
1534 4733 1680 4794 ductore
1705 4741 1741 4794 et
1764 4742 1901 4794 rectore

1070 4852 1205 4934 Wolny
1217 4853 1419 4936 professore
1428 4873 1493 4917 suo
1503 4855 1642 4936 dilecto,
1653 4855 1808 4918 edidere.
1824 4854 1902 4916 Mo·

1071 4975 1291 5057 nographiae
1318 4975 1481 5056 stirpium
1509 4976 1770 5057 praeclararum
1794 4976 1902 5037 variis

1072 5117 1150 5160 cum
1167 5097 1479 5160 dissertationibus
1503 5118 1549 5160 ex
1571 5098 1719 5161 historia
1743 5119 1845 5161 sacra
1867 5109 1901 5160 et

1071 5218 1231 5302 profana,
1248 5240 1313 5283 nec
1327 5240 1397 5282 non
1410 5220 1712 5302 disputationibus
1730 5242 1749 5283 e
1766 5222 1902 5303 gremio

1070 5341 1269 5404 fabularum
1286 5341 1517 5405 nationalium
1532 5342 1627 5405 felici
1640 5342 1786 5404 foedere
1799 5342 1835 5403 in
1847 5343 1902 5405 his

1070 5463 1237 5547 plagellis
1249 5464 1470 5548 coniunctae,
1479 5486 1647 5549 magnum
1657 5464 1724 5526 sibi
1733 5467 1903 5527 lectorum
