4088 6270
979 509 1022 519 —
1067 473 1201 536 XXIV
1245 509 1286 518 —

261 698 295 760 b.
320 697 456 759 Mariae
485 699 530 759 de
558 698 739 779 Pankota,
771 699 917 762 abbatia
949 700 993 761 de
1025 698 1193 780 Magdcs‚
1226 718 1253 760 s.
1277 697 1422 760 Martini
1453 699 1497 760 de
1521 697 1665 779 Vaska,
1697 718 1724 762 S.
1755 699 1871 761 crucis
1904 699 2000 761 iuxta

263 833 431 916 Granum,
455 838 488 898 b.
513 837 648 899 Mariae
672 837 706 899 in
731 837 876 919 Camp0,
900 838 934 900 b.
958 836 1095 899 Mariae
1119 838 1164 899 de
1187 836 1311 918 Ivany,
1335 838 1368 900 b.
1393 836 1529 899 Mariae
1552 837 1598 899 de
1622 836 1791 920 Rakony,
1815 838 1848 899 b.
1867 837 2000 900 Mariae

262 975 309 1038 de
331 973 455 1058 Gagy,
487 977 521 1039 b.
545 975 681 1038 Mariae
710 977 754 1038 de
778 975 985 1058 Zebegeny‚
1019 977 1052 1037 b.
1081 975 1218 1038 Mariae
1250 977 1294 1038 de
1318 975 1494 1058 Tereske,
1526 997 1553 1039 s.
1586 975 1732 1056 spiritus
1764 978 1809 1039 de
1841 976 1999 1058 Hrabko,

262 1135 289 1177 s.
314 1113 492 1177 Gabrielis
520 1117 564 1178 de
594 1115 839 1197 Mezdtelegd,
869 1135 896 1178 s.
929 1115 1028 1177 Petri
1060 1115 1227 1195 Apostoli
1259 1116 1304 1177 de
1333 1115 1459 1194 Petdr,
1492 1133 1519 1178 s.
1543 1113 1796 1197 Margarethae
1827 1116 1873 1177 de
1901 1115 1999 1195 Bela,

261 1255 295 1315 b.
320 1253 456 1316 Mariae
481 1254 525 1315 de
549 1254 735 1334 Porosclo,
764 1274 791 1317 s.
816 1253 962 1336 spiritus
987 1255 1032 1316 de
1056 1252 1367 1334 Beth-Monostor,
1398 1261 1505 1315 natae
1537 1251 1684 1334 reginae
1708 1253 1930 1336 Angelorum
1958 1255 2000 1316 de

261 1390 425 1472 Pecziily,
456 1392 489 1454 b.
514 1391 651 1453 Mariae
676 1392 721 1452 de
744 1391 940 1472 Monostor‚
972 1392 1006 1454 b.
1031 1389 1168 1452 Mariae
1191 1390 1236 1452 de
1262 1390 1338 1470 Boi,
1371 1411 1397 1454 S.
1421 1390 1565 1453 Ioannis
1589 1391 1780 1472 Baptistae
1804 1392 1849 1454 de
1873 1392 2000 1471 Ianosi,

262 1529 408 1591 abbatia
432 1531 476 1591 de
501 1528 633 1611 Graab,
658 1531 805 1592 abbatia
830 1531 875 1592 de
899 1528 1021 1611 Zek1).

392 1667 516 1749 Neque
540 1667 765 1730 Benedictini
789 1668 986 1751 Hungarici
1017 1665 1135 1730 officio
1163 1687 1228 1730 suo
1258 1666 1457 1732 defuerunt.
1497 1666 1616 1731 Silvas
1640 1667 1900 1751 exstirpabant,
1924 1670 2002 1732 loca

262 1807 404 1869 deserta
421 1808 595 1888 colebant,
619 1827 729 1889 opera
751 1807 883 1871 rustica
900 1809 1128 1871 exercebant.
1160 1807 1278 1870 Recte
1295 1807 1405 1888 igitur
1422 1805 1674 1888 Hungarorum
1691 1805 1844 1888 scriptor
1859 1826 2001 1870 recens:

261 1944 426 2008 Mindent
449 1965 470 2007 a
493 1946 556 2008 mit
571 1946 711 2024 birunk,
737 1946 860 2028 inquit,
882 1947 1096 2009 szellemben
1118 1946 1157 2008 es
1179 1945 1330 2027 iparban
1355 1964 1377 2006 a
1404 1944 1657 2024 pannonhalmi
1681 1944 1848 2008 iskolatol
1870 1946 1997 2027 birjuk,

261 2084 357 2164 mely
380 2085 651 2147 mindkettdnek
674 2084 830 2165 biilcsdje
854 2085 978 2164 v01t2).

392 2224 589 2305 Propterea
620 2223 727 2286 etiam
757 2242 863 2305 reges
894 2225 1095 2305 exemplum
1128 2243 1154 2285 s.
1182 2221 1355 2304 Stephani
1387 2223 1534 2304 eiusque
1565 2222 1679 2304 patris
1711 2219 1856 2304 Geysae
1889 2221 2003 2284 secuti

262 2363 420 2424 ordinem
450 2361 675 2442 maximeque
698 2362 858 2424 Montem
880 2362 1087 2424 Pannoniae
1119 2362 1334 2424 incunabula
1362 2361 1464 2443 quasi
1493 2362 1568 2424 eius
1598 2361 1716 2424 studio
1740 2370 1776 2422 et
1799 2360 1919 2443 gratia
1944 2357 2002 2422 ad-

261 2501 450 2572 iuvabant;
475 2500 574 2562 cuius
597 2501 710 2562 abbas
734 2500 804 2562 iam
827 2520 892 2581 per
909 2499 1130 2581 Stephanum
1147 2498 1318 2562 Sanctum
1341 2500 1496 2562 omniurn
1517 2499 1785 2583 privilegiorum
1810 2508 1847 2562 et
1870 2499 2002 2581 gratia-

261 2657 337 2700 rum
361 2659 382 2700 a
405 2639 491 2700 sede
514 2639 713 2720 apostolica
736 2639 919 2720 particeps
942 2617 1060 2701 factus
1084 2648 1154 2719 est,
1183 2638 1312 2719 quibus
1336 2637 1560 2702 Cassinensis
1591 2638 1753 2702 florebat.
1799 2638 1841 2700 In
1873 2638 2003 2720 quibus

261 2776 349 2838 illud
372 2776 489 2838 locum
512 2775 711 2856 principem
735 2776 882 2857 obtinet,
908 2795 978 2858 quo
1002 2776 1125 2838 abbati
1149 2776 1233 2839 iuris
1258 2776 1367 2839 dictio
1389 2776 1567 2875 ordinaria
1583 2776 1777 2856 spiritualis
1801 2777 1837 2839 in
1861 2797 2003 2857 posses-

261 2913 421 2975 sionibus
446 2915 490 2975 ad
514 2894 767 2976 monasterium
791 2913 1053 2994 pertinentibus
1078 2934 1249 2977 concessa
1273 2924 1328 2976 est
1342 2916 1377 2993 ³).

1033 3328 1138 3393 CAP.
1164 3330 1226 3394 ΙΙΙ.

391 3606 520 3688 Vigor,
553 3625 656 3686 quem
690 3608 777 3668 ordo
809 3616 945 3687 aetate,
978 3608 1022 3668 de
1052 3626 1121 3687 qua
1152 3625 1261 3687 supra
1289 3606 1508 3688 disputatum
1532 3615 1603 3686 est,
1636 3605 1671 3666 in
1701 3604 1831 3666 finibus
1862 3606 2001 3688 imperii

257 3743 439 3807 Austriaci
463 3745 682 3824 ostenderat,
711 3764 755 3806 ne
782 3745 849 3805 hoc
874 3744 1016 3825 quidem
1047 3755 1208 3824 tempore
1240 3744 1444 3825 languerat;
1480 3743 1586 3805 etiam
1617 3751 1691 3805 tum
1714 3743 1750 3805 in
1774 3743 1999 3806 monasteriis

257 3882 382 3965 religio
407 3882 606 3945 Christiana
630 3891 666 3944 et
689 3890 785 3944 artes
808 3883 1020 3964 litteraeque
1045 3883 1253 3945 colebantur
1275 3891 1384 3963 atque
1407 3882 1486 3945 aliis
1509 3884 1752 3945 tradebantur.
1792 3881 1873 3963 Qua
1898 3883 1933 3945 in
1961 3903 1998 3944 re

256 4040 387 4102 magno
412 4038 520 4100 opere
544 4020 807 4081 adiuvabantur
830 4021 875 4081 ab
900 4020 1083 4082 ordinibus
1107 4020 1218 4100 novis,
1243 4020 1279 4082 in
1304 4020 1432 4101 quibus
1456 4019 1712 4083 Cistercienses
1735 4041 1756 4082 a
1780 4019 1862 4082 filiis
1886 4042 1913 4084 s,
1931 4021 1997 4083 Be-

255 4158 388 4220 nedicti
412 4157 550 4220 oriundi
574 4169 610 4219 et
633 4158 1006 4220 Praemonstratenses
1030 4178 1051 4219 a
1074 4179 1100 4221 S.
1123 4158 1300 4221 Norberto
1324 4159 1475 4221 instituti
1499 4160 1687 4221 honestum
1711 4168 1893 4221 certamen
1917 4179 1993 4222 cum

256 4296 380 4359 ordine
404 4296 550 4377 antiquo
575 4295 721 4358 inibant.

384 4434 480 4497 Male
504 4453 589 4496 vero
618 4434 652 4495 in
676 4433 779 4496 terris
803 4433 946 4514 Alpinis
975 4435 1113 4515 imperii
1138 4435 1321 4497 Austriaci
1355 4435 1468 4497 ordini
1501 4434 1630 4498 accidit
1660 4444 1869 4517 propterea,
1901 4437 1994 4517 quod

254 4583 327 4637 tum
360 4573 553 4636 certamina
584 4574 675 4635 inter
700 4572 845 4637 Staufos
877 4584 913 4634 et
944 4571 1131 4654 pontifices
1159 4573 1344 4636 Romanos
1378 4583 1503 4636 exorta
1535 4583 1636 4635 erant
1668 4582 1705 4636 et
1735 4573 1771 4636 in
1802 4571 1992 4636 Germania

253 4712 413 4794 legitimo
437 4711 585 4792 imperio
609 4722 752 4774 carente
776 4712 893 4774 omnia
919 4712 1038 4774 divina
1062 4714 1287 4793 humanaque
1311 4713 1388 4774 iura
1412 4712 1727 4794 permiscebantur.

386 5061 406 5141 ¹)
430 5064 538 5120 Czinar
562 5064 581 5120 l.
606 5082 631 5120 c.
656 5064 678 5119 Ι.

381 5185 403 5265 ²)
427 5183 599 5261 Szolldssy:
629 5185 672 5240 ΑΖ
697 5185 960 5259 osztrakmagyar
978 5185 1152 5240 Monarchia
1170 5190 1274 5240 bsszes
1299 5185 1629 5241 szcrzetes-rendeinek
1654 5185 1796 5241 torteneti
1822 5186 1855 5242 es
1879 5188 1988 5241 statisz-

251 5300 324 5356 tikai
349 5300 438 5375 rajza,
463 5300 485 5355 Ι.

380 5408 402 5488 3)
426 5411 534 5467 Czinar
559 5410 575 5466 Ι.
602 5428 627 5465 c.
653 5411 674 5464 l.
