4088 6270
887 461 1168 548 „498-

244 670 294 725 111.
325 666 446 723 Statura
473 667 591 741 privata
618 683 636 721 a
663 665 815 741 religiosis
843 664 989 722 fratribus
1025 672 1029 751 7
1068 660 1331 743 sagacissimus
1342 658 1519 722 Sacerdos
1529 657 1708 719 iubilaeus
1718 662 1876 721 anno181o

156 773 329 849 specialiter
345 770 546 827 observanda.
569 767 659 844 1762.
678 776 721 842 4⁰.
740 783 778 843 27
798 789 826 846 p.
843 772 881 826 X.
899 784 950 843 45.

243 920 354 1014 Vogl
389 929 681 991 Ferdinandus
713 926 988 1010 (Mum-Grie-

156 1049 316 1130 sensis)‚
337 1058 443 1110 natus
460 1057 516 1110 est
531 1046 678 1129 Turegii
695 1046 729 1108 in
745 1046 914 1109 Helvetia
930 1044 987 1107 die
1025 1058 1028 1155 7

158 1193 207 1234 21.
225 1173 321 1253 Aug.
344 1174 434 1248 1809.
459 1167 687 1230 Renunciato
709 1188 827 1230 errore
849 1167 987 1230 confes-

156 1293 265 1356 sionis
290 1291 489 1354 helveticae
513 1289 648 1352 studuit
672 1288 847 1352 Solodori.
878 1288 988 1351 Petiit

157 1417 239 1479 dein
256 1435 282 1476 s¹
293 1415 454 1475 habitum
469 1412 504 1473 in
518 1412 733 1473 monasterio
742 1410 909 1491 Murensi,
924 1412 988 1472 sed

157 1540 203 1600 ad
219 1556 350 1599 annum
370 1533 591 1616 probationis
614 1553 684 1595 non
707 1532 881 1614 pervenit,
906 1532 988 1613 quia

160 1659 383 1741 Argoviense
406 1656 618 1738 gubernium
639 1655 902 1735 susceptionem
927 1675 988 1716 no-

157 1781 323 1844 vitiorum
348 1778 590 1840 interdixerat.
623 1776 788 1839 Perrexit
811 1786 894 1858 post
917 1774 988 1837 fru-

158 1912 335 1965 straneam
374 1900 661 1979 expectationem
699 1898 913 1980 Friburgum
953 1897 988 1959 in

156 2022 341 2102 Helvetia,
369 2021 430 2083 ubi
457 2020 641 2083 ordinatus
670 2020 728 2082 die
755 2025 784 2081 3.
812 2020 875 2081 Iul.
909 2023 988 2081 1836

103 2193 106 2200 .
158 2146 326 2207 sacerdos
348 2141 455 2205 variis
479 2141 514 2203 in
537 2142 634 2222 lociS,
659 2142 756 2222 laun,
781 2140 988 2220 Neuchatel‚

159 2266 211 2330 St.
240 2264 414 2350 Silvester
442 2285 561 2326 curam
592 2263 786 2325 animarum
818 2261 989 2343 exercuit,

158 2397 339 2470 postremo
352 2386 556 2467 parochiam
569 2384 755 2467 Plaffeyen
768 2384 990 2446 administra·

159 2511 219 2573 vit.
243 2509 431 2572 Restituto
456 2516 633 2570 conventu
649 2507 809 2569 Murensi
829 2507 865 2568 in
886 2505 991 2569 Gries

159 2631 356 2694 vocationis
373 2651 443 2692 non
460 2630 642 2692 immemor
658 2630 774 2690 denuo
790 2638 918 2710 petens
930 2647 991 2690 ve-

159 2762 249 2816 stem
263 2773 289 2814 s.
304 2751 491 2814 Benedicti
508 2751 725 2813 sollemniter
737 2749 919 2831 professus
936 2757 991 2811 est

160 2875 218 2936 die
236 2880 265 2936 8.
282 2875 357 2937 Iun.
381 2876 469 2951 1848.
494 2873 565 2934 Per
586 2883 724 2953 septem
741 2891 852 2934 annos
869 2870 990 2933 docuit

159 2996 195 3057 in
212 2995 341 3057 scholis
359 2994 500 3076 collegii
517 2993 715 3075 SarnensiS,
737 2998 814 3055 1861
833 3013 919 3056 vero
936 3013 989 3054 ar-

160 3115 338 3178 chivarius
355 3115 389 3176 in
406 3113 510 3177 Gries
527 3126 562 3177 et
583 3120 660 3182 1863
684 3115 849 3197 subprior
871 3113 989 3195 desig·

160 3247 265 3299 natus
296 3236 442 3297 multum
471 3237 648 3299 laboravit
679 3236 922 3299 concionando
953 3245 990 3297 et

160 3359 350 3421 scribendo
366 3357 450 3419 licet
466 3357 712 3438 frequentibus
727 3356 989 3420 infirmitatibus

160 3479 362 3560 impeditus.
386 3477 485 3541 Obiit
499 3478 555 3539 die
569 3484 598 3542 8.
608 3480 694 3541 Maii
709 3484 797 3557 1873.
822 3476 988 3557 Scripsit:

247 3625 270 3713 1.
295 3624 448 3696 Regesten
465 3621 519 3677 des
535 3620 642 3678 Stiftes
658 3622 758 3678 Gries.
783 3618 813 3699 (i.
830 3640 857 3677 e.
874 3621 988 3676 Eorum

160 3727 417 3792 documentorum,
428 3745 506 3800 quae
520 3745 536 3781 9
549 3739 652 3781 vetere
666 3724 796 3800 collegio
810 3726 988 3780 lateranensi

163 3831 318 3886 Griesensi
336 3843 507 3905 supersunt.

247 3954 285 4008 11.
304 3953 466 4026 Anleitung
481 3972 516 4007 zu
534 3951 852 4008 Geschaftsaufsatzen
868 3952 928 4006 und
944 3951 991 4005 fiir

160 4057 207 4113 die
228 4056 364 4113 einfache
380 4056 589 4129 Buchhaltung
612 4052 641 4133 (i.
659 4075 685 4111 9.
703 4056 841 4112 Rationis
857 4069 887 4111 91
904 4054 990 4112 tabu·

161 4161 283 4216 lariatus
310 4156 438 4236 modus),
464 4180 524 4235 qua
549 4161 683 4215 scolares
700 4159 869 4216 Sarnenses
892 4160 990 4215 adhuc

160 4276 290 4320 utuntur.

246 4409 358 4504 Vogl
383 4422 624 4501 Leopoldus
655 4423 989 4505 (Lambacensis),

161 4546 265 4599 natus
279 4538 469 4599 Cremifani
483 4539 541 4600 die
556 4560 605 4618 27.
617 4540 689 4602 Ian.
703 4561 796 4603 anno
814 4548 903 4623 1734,
918 4563 990 4604 mo·

160 4659 354 4719 nasterium
381 4659 624 4721 Lambacense
656 4660 838 4743 ingressus
871 4663 928 4726 die
960 4668 989 4724 8.

159 4780 246 4841 Dec.
271 4799 363 4841 anno
394 4783 473 4858 1756
502 4781 760 4861 professionem
784 4785 990 4847 sollemnem

160 4901 278 4962 emisit
294 4910 329 4961 et
347 4900 404 4962 die
421 4906 450 4961 3,
468 4900 571 4962 Febr.
589 4923 682 4965 anno
704 4912 784 4983 17110
800 4908 990 4989 presbyter

160 5022 343 5084 ordinatus
353 5031 417 5084 est.
431 5022 587 5085 Primum
598 5025 852 5090 confessarium
864 5039 899 5090 et
909 5050 990 5091 con-

162 5144 379 5205 cionatorem
404 5143 479 5224 egit
503 5165 679 5227 curaeque
703 5148 897 5211 animarum
924 5149 990 5211 fuit

159 5265 371 5346 adscriptus,
395 5265 529 5327 Postea
545 5268 748 5348 piscaturae
766 5279 801 5332 et
817 5270 868 5332 rei
885 5271 989 5332 silva-

160 5384 252 5446 ticae
268 5385 472 5466 praefectus
494 5398 549 5449 est
565 5390 619 5450 vir
640 5410 755 5452 rerum
777 5392 989 5455 naturalium

1068 781 1277 844 decennium
1290 780 1397 843 etiam
1410 778 1621 860 perduravit
1634 790 1748 840 morte
1760 779 1876 841 demum

1068 903 1125 966 die
1142 924 1193 983 27.
1209 905 1272 966 Iul.
1289 922 1382 965 anno
1402 905 1484 963 1820
1500 902 1708 982 obpressusv

1153 1023 1276 1086 Edidit
1294 1023 1407 1106 typis:

1154 1146 1254 1206 Ueber
1270 1149 1319 1204 die
1335 1149 1549 1221 Zeisignester.
1574 1143 1605 1225 (i.
1624 1165 1652 1203 9.
1675 1147 1723 1203 1)9
1746 1147 1810 1203 nido
1824 1147 1878 1203 frin-

1066 1253 1156 1326 gillae
1172 1249 1298 1330 spinos.)
1315 1252 1399 1320 Lim,
1416 1252 1573 1308 Trattner.
1596 1251 1691 1324 1782.

1153 1380 1432 1454 Vonderthon
1445 1391 1880 1475 Gregorius(as.Petro

1068 1507 1330 1591 Salisburgi),
1348 1519 1452 1572 natus
1472 1511 1628 1592 13.Aug.
1643 1509 1881 1590 1749118918-

1066 1631 1230 1713 lenberg,
1261 1641 1346 1694 tunc
1374 1630 1518 1694 ditionis
1546 1632 1881 1714 Berchtesgadensis,

1072 1771 1150 1831 1772
1169 1751 1334 1831 novitius,
1361 1756 1439 1830 1773
1462 1772 1508 1813 11.
1526 1751 1591 1815 Iul.
1613 1762 1702 1814 vota
1722 1752 1882 1814 sollemnia

1068 1872 1296 1953 nuncupavit.
1326 1872 1534 1935 Sacerdotio
1559 1872 1724 1934 initiatus
1752 1873 1882 1950 11.-11111

1073 1999 1151 2074 1775
1170 1993 1335 2075 primitiis
1352 1995 1541 2056 celebratis
1564 2005 1602 2057 et
1624 1995 1755 2057 studiis
1770 1995 1882 2057 theolo-

1068 2116 1159 2197 gicis
1174 2115 1292 2196 finitis,
1322 2120 1401 2194 1778
1424 2117 1612 2179 catecheta
1637 2126 1676 2179 et
1699 2115 1882 2197 praefectus

1069 2237 1212 2299 scholae
1229 2219 1455 2299 'domesticae
1481 2238 1701 2300 constitutus
1725 2247 1793 2317 est,
1819 2237 1882 2298 dein

1075 2363 1155 2437 178ο
1170 2357 1354 2438 professor
1368 2359 1547 2442 gymnasii
1564 2359 1763 2422 academici
1775 2357 1881 2422 Salisb.

1070 2479 1238 2542 adiuncta
1259 2482 1304 2542 ab
1326 2500 1419 2542 anno
1446 2484 1526 2560 1788
1551 2479 1781 2563 praefectura
1802 2482 1881 2542 scho

1070 2600 1181 2662 larum
1194 2601 1448 2664 humaniorum.
1474 2604 1582 2665 Anno
1601 2608 1682 2682 1795
1696 2602 1847 2683 superior
1855 2601 1880 2661 in

1070 2722 1304 2785 Maria-Plain
1317 2723 1518 2786 nominatus
1534 2724 1671 2786 ibidem
1684 2724 1771 2786 obiit
1784 2745 1809 2786 2.
1820 2721 1881 2785 Oct.

1074 2860 1164 2922 1797·

1155 2969 1178 3024 1.
1204 2964 1315 3029 Oratio
1339 2971 1368 3024 in
1392 2969 1622 3026 confirmatione
1641 2989 1682 3026 rr.
1699 2971 1727 3027 d.
1745 2971 1879 3035 Dominio,

1068 3069 1189 3127 abbatis
1213 3073 1300 3129 electi
1324 3074 1361 3129 ad
1382 3093 1406 3129 s.
1424 3073 1560 3139 Petrum,
1586 3072 1691 3130 habita
1716 3076 1746 3130 in
1768 3074 1880 3131 conclavi

1070 3178 1253 3233 consistorii.
1271 3175 1451 3252 Salisburgi,
1473 3176 1565 3250 1786.
1584 3185 1628 3250 4⁰.

1156 3280 1193 3337 ΙΙ.
1209 3279 1384 3357 Jubelfeyer
1399 3282 1452 3337 auf
1465 3281 1520 3337 das
1533 3281 1677 3358 5ojarige
1689 3283 1879 3340 Priesterthuru

1069 3384 1123 3441 des
1146 3385 1264 3441 hochw.
1289 3386 1388 3440 Herrn
1411 3385 1556 3442 Benedict
1581 3387 1724 3444 Pralaten
1751 3408 1784 3444 zu
1807 3387 1879 3444 Ettal.

1069 3484 1187 3566 (Oratio
1205 3485 1380 3566 sollemnis.)
1397 3489 1472 3546 Ibid.
1496 3490 1588 3563 1787.
1605 3498 1650 3564 40.

1157 3593 1208 3648 111.
1225 3591 1399 3668 Jubelfeyer
1414 3591 1463 3649 bei
1480 3594 1534 3650 der
1550 3594 1746 3669 gltlcklichen
1760 3595 1879 3652 Erstrek·

1070 3697 1152 3771 kung
1172 3696 1226 3752 des
1251 3710 1344 3769 50ten
1366 3697 1473 3773 Jahres
1497 3698 1551 3754 der
1575 3698 1766 3775 abteylichen
1787 3699 1879 3756 Wllrde

1070 3801 1122 3856 des
1147 3802 1184 3857 H.
1210 3801 1247 3856 Η.
1273 3802 1425 3870 Benedict,
1449 3803 1592 3859 Pralaten
1618 3825 1653 3860 zu
1679 3806 1770 3861 Ettal.
1793 3801 1878 3881 (Item.)

1071 3904 1145 3961 Ibid.
1167 3904 1257 3978 1789.
1275 3911 1318 3976 4⁰.

1156 4010 1207 4066 IV.
1245 4009 1406 4066 Lehrbuch
1444 4009 1498 4065 der
1533 4012 1736 4085 allgemeinen
1765 4014 1876 4085 Wcltge·

1071 4113 1206 4169 schichte
1233 4132 1299 4169 zum
1324 4112 1507 4170 Gebrauche
1534 4115 1591 4171 der
1618 4118 1819 4175 studierenden
1838 4117 1875 4191 Ju-

1069 4217 1159 4291 gend.
1183 4213 1212 4293 (i.
1230 4236 1255 4273 e.
1273 4215 1367 4273 Liber
1383 4219 1432 4291 qui
1450 4230 1498 4274 est
1517 4218 1557 4276 de
1572 4221 1701 4278 historia
1720 4219 1873 4293 universali.)

1070 4320 1146 4377 Ibid.
1168 4321 1257 4395 1788.
1275 4320 1316 4378 80.
1339 4336 1356 4377 2
1376 4324 1457 4377 tomi.
1483 4323 1574 4380 Tom.
1591 4325 1615 4382 1.
1639 4326 1697 4400 184
1713 4346 1753 4403 p.‚
1773 4323 1871 4384 tomll.

1075 4424 1134 4498 176
1151 4445 1180 4500 p.

1157 4530 1192 4586 V.
1219 4531 1282 4585 Der
1305 4530 1452 4588 frdhliche
1468 4532 1713 4601 Wiederschein,
1736 4537 1795 4590 eine
1811 4531 1869 4587 Alle-

1071 4635 1166 4705 gorie.
1181 4629 1210 4710 (i.
1220 4652 1247 4690 e.
1261 4635 1373 4691 Hilaris
1386 4637 1525 4704 reflexus,
1539 4637 1710 4716 allegoria.)
1722 4637 1790 4695 Ibid.
1803 4646 1867 4708 17171·

1071 4743 1113 4809 4⁰.
1132 4739 1249 4794 Musica
1264 4758 1282 4794 a
1298 4740 1338 4795 M.
1357 4740 1474 4815 Haydn.

1158 4842 1209 4898 Vl.
1234 4841 1355 4899 Selecta
1372 4844 1471 4899 Latini
1490 4849 1641 4902 sermonis
1658 4846 1831 4923 exemplaria.
1843 4857 1866 4894 el

1071 4945 1246 5002 auctoribus
1271 4947 1494 5024 probatissimis
1518 4949 1650 5006 collecta
1676 4966 1707 5007 et
1731 4952 1801 5007 notis
1823 4946 1866 5002 illu·

1071 5063 1175 5107 strata.
1192 5050 1268 5107 Ibid.
1286 5052 1394 5126 Duyle,
1416 5065 1506 5126 1795.
1524 5052 1567 5110 80.
1589 5056 1697 5112 Partes
1713 5071 1741 5116 2.
1763 5055 1783 5110 Ι.
1797 5067 1866 5125 9211..

1071 5155 1108 5211 ΙΙ.
1130 5153 1188 5227 176
1206 5175 1234 5231 p.
1680 5187 1683 5191 ·

1157 5266 1336 5341 Vurdics
1363 5278 1558 5360 Ignatius
1582 5281 1761 5346 Ioannes
1785 5281 1834 5362 (de
1849 5292 1866 5332 s.

1070 5394 1210 5457 Monte
1227 5396 1496 5478 Pannoniae),
1513 5416 1540 5459 s.
1558 5399 1761 5483 theologiae
1776 5400 1868 5459 doctor
