4034 6262
855 492 1086 554 „xq-

43 718 141 800 agri
163 717 244 779 late
286 718 494 782 devastati
523 727 613 781 sunt.
660 715 879 780 Gravissime
909 736 996 779 vero
1024 719 1091 779 hac
1122 716 1320 780 acerbitate
1351 725 1466 778 terrae
1490 715 1645 797 Alpinae
1669 715 1841 777 Austriae

44 855 229 919 adflictae
259 868 378 920 sunt.
421 857 557 919 Multae
585 855 760 918 ecclesiae
791 866 828 918 et
857 856 1072 919 monasteria
1103 865 1142 918 ut
1174 854 1530 938 Sanhippolytanum,
1563 853 1840 934 Cremifanense,

46 994 398 1078 Trunkirchense‚
423 996 699 1077 Luuaelacense,
715 995 1055 1076 Michaelburanum,
1073 995 1294 1057 Mattseense
1318 1005 1354 1057 et
1376 994 1590 1056 monasteria
1613 993 1840 1076 patriarchae

53 1134 308 1217 Aquileiensi
340 1134 521 1216 subiecta,
545 1154 571 1198 s.
596 1134 740 1197 Ioannis
763 1136 809 1196 ad
831 1134 1027 1214 Timavum,
1052 1154 1078 1197 S.
1096 1134 1280 1196 Michaelis
1304 1133 1339 1195 in
1364 1131 1598 1214 Cervignano,
1623 1123 1841 1214 Sexto,'Be-

58 1274 157 1359 ligna
180 1274 404 1355 multaque
429 1273 604 1336 Bavariae
629 1273 747 1335 deleta
770 1282 871 1346 sunt;
896 1271 930 1334 in
954 1272 1033 1334 aliis
1056 1282 1095 1335 ut
1119 1270 1319 1354 Salisburgi
1343 1282 1380 1335 et
1402 1272 1526 1335 Indiae
1550 1290 1715 1333 numerus
1744 1270 1839 1333 inco-

63 1416 172 1478 larum
197 1416 314 1477 adeo
350 1413 549 1476 inminutus
581 1424 651 1495 est,
683 1422 722 1475 ut
744 1413 880 1475 muneri
905 1431 968 1475 suo
993 1412 1200 1476 satisfacere
1223 1432 1293 1475 non
1317 1422 1475 1494 possent.
1518 1410 1686 1474 Accessit
1715 1429 1772 1492 eo,
1803 1422 1843 1472 ut

71 1565 210 1638 propter
239 1565 474 1636 temporum
496 1551 719 1615 atrocitatem
742 1551 886 1615 licentia
909 1561 946 1614 et
968 1552 1179 1615 inmodestia
1196 1553 1231 1614 in
1248 1551 1462 1615 monasteria
1485 1551 1702 1633 irrepserint.
1744 1549 1842 1615 Satis

77 1695 197 1758 tristem
227 1691 457 1774 imaginem
478 1691 580 1753 huius
603 1690 775 1773 temporis
798 1710 914 1753 rerum
938 1690 1132 1772 scriptores
1156 1691 1258 1752 nobis
1282 1689 1507 1754 effinxerunt.

886 2113 991 2177 CAP.
1015 2114 1059 2177 11.

103 2451 104 2455 ,
200 2386 308 2448 Plus
336 2382 525 2446 dimidium
548 2383 681 2446 saeculi
703 2383 871 2446 occidens
887 2384 923 2446 in
939 2386 1005 2447 hac
1021 2383 1123 2446 ruina
1139 2392 1175 2445 et
1191 2383 1272 2444 labe
1289 2392 1374 2463 erat,
1400 2385 1482 2445 dum
1499 2403 1563 2445 rex
1580 2382 1666 2446 Otto
1682 2384 1840 2466 Magnus

88 2525 229 2590 victoria
264 2521 466 2606 praeclara
496 2523 542 2583 ad
571 2521 695 2585 Licum
727 2541 840 2603 prope
871 2523 1040 2605 Augusta
1063 2522 1328 2585 vindelicorum
1360 2531 1543 2603 reportata
1574 2523 1617 2604 (a.
1642 2524 1674 2585 d.
1699 2522 1759 2585 IV.
1784 2523 1837 2585 Id.

92 2665 241 2748 August.
271 2661 356 2742 955)
382 2659 574 2741 Hungaros
597 2658 728 2722 finibus
751 2661 824 2723 suis
848 2663 1005 2724 coercuit
1029 2672 1248 2743 conatusque
1273 2680 1395 2723 eorum
1418 2663 1599 2743 repressit.

213 2803 329 2865 Nunc
361 2801 502 2862 demum
532 2800 611 2862 loca
639 2802 782 2862 deserta
813 2800 928 2863 denuo
960 2803 1179 2863 humanitate
1211 2812 1339 2882 coepta
1370 2813 1452 2863 sunt
1482 2801 1582 2883 tingi.
1629 2800 1708 2882 Qua
1732 2803 1776 2863 de
1800 2821 1839 2863 re

94 2942 252 3024 episcopi
292 2929 591 3020 RatisbonensiS,
634 2939 896 3022 Fraxiniensis,
935 2939 1239 3022 salisburgensis,
1282 2941 1508 3003 Pataviensis
1551 2941 1684 3021 optime
1723 2960 1838 3004 meru-

95 3088 192 3143 erunt
208 3080 243 3158 ¹).
291 3077 411 3139 Etiam
435 3079 521 3139 ordo
549 3079 595 3139 ad
618 3096 708 3157 opus
735 3077 923 3159 pristinum
954 3080 1139 3160 paullatim
1168 3080 1283 3142 rediit.
1330 3078 1418 3142 Cum
1448 3099 1534 3142 vero
1565 3080 1600 3142 in
1630 3079 1840 3161 regionibus

96 3217 254 3300 Alpinis,
295 3235 389 3297 quae
426 3217 472 3277 ad
507 3216 729 3279 occidentem
768 3227 950 3299 spectant,
990 3229 1138 3300 propter
1171 3220 1407 3300 incursiones,
1447 3240 1468 3281 a
1507 3221 1636 3300 quibus
1674 3221 1837 3304 Hungari

95 3344 164 3420 non
188 3357 432 3438 desistebant,
459 3357 604 3437 paulum
627 3355 833 3439 proficeret,
865 3358 900 3420 in
929 3359 1135 3441 regionibus
1163 3359 1379 3421 australibus
1401 3358 1527 3422 florere
1552 3367 1588 3422 et
1611 3360 1734 3442 vigere
1758 3380 1839 3423 coe-

95 3497 158 3578 pit.
202 3495 296 3558 Nam
326 3505 517 3577 postquam
547 3495 773 3576 patriarchae
804 3496 1046 3577 Aquileiensis
1080 3497 1201 3560 litibus
1232 3498 1439 3579 compositis
1469 3499 1605 3562 animos
1637 3501 1682 3561 ad
1715 3498 1837 3563 Carin-

95 3633 176 3697 thos
208 3645 244 3696 et
272 3632 401 3697 Slavos
427 3633 554 3696 Istriae
587 3644 623 3696 et
652 3633 853 3698 Dalmatiae
886 3646 1154 3714 converterunt,
1194 3656 1264 3700 non
1299 3638 1413 3699 solum
1443 3638 1590 3719 antiqua
1621 3639 1838 3701 monasteria

94 3771 309 3851 instaurata,
339 3774 402 3833 sed
426 3772 533 3834 etiam
561 3792 655 3835 nova
682 3773 717 3835 in
742 3772 923 3837 Carinthia
947 3784 983 3837 et
1010 3775 1104 3837 Foro
1131 3775 1220 3837 Iulio
1252 3785 1290 3837 ut
1318 3774 1504 3837 Ossiacum
1519 3777 1557 3857 ²),
1589 3776 1835 3859 Mosacium3),

94 3909 349 3989 Rossacium⁴)
388 3918 494 3991 atque
533 3911 568 3972 in
604 3911 800 3975 continenti
822 3922 874 3995 „et
916 3914 1038 3976 insulis
1081 3914 1299 3997 Dalmatiae,
1338 3924 1377 3976 ut
1415 3915 1536 3977 Arbae
1551 3916 1575 3996 ⁵)
1584 3966 1593 3997 ,
1636 3916 1834 3999 laueraet),

227 4199 248 4278 ¹)
272 4200 432 4257 Plurimum
457 4204 485 4258 in
509 4203 634 4259 Austria
658 4203 821 4260 effecerunt
844 4203 1047 4278 Wolsgangus
1076 4207 1241 4280 episcopus
1265 4203 1497 4262 Ratisbonensis
1521 4202 1714 4284 (φρ-994)
1743 4219 1833 4262 antea

90 4314 259 4370 monachus
282 4314 527 4388 Augiae·Divitis
551 4328 582 4372 et
604 4316 762 4390 Pilgrimus
777 4318 965 4373 Pataviensis
989 4314 1193 4395 (971-991),
1219 4320 1303 4374 cuius
1320 4319 1418 4374 studia
1434 4338 1538 4375 omnes
1555 4322 1610 4375 viri
1628 4319 1720 4388 docti,
1738 4338 1833 4393 quan-

90 4428 202 4482 tumvis
227 4429 383 4502 ceteroqui
407 4427 444 4483 de
468 4428 525 4485 hoc
550 4431 697 4504 episcopo
722 4429 908 4498 dissentiant,
933 4433 1055 4487 summis
1079 4431 1217 4488 laudibus
1241 4431 1377 4488 esserunt.

224 4536 246 4616 2)
275 4540 434 4596 Ossiacum
466 4554 535 4598 ante
565 4560 673 4597 annum
707 4540 786 4598 1026
818 4560 836 4598 a
865 4542 1041 4619 parentibus
1066 4545 1199 4619 Poponis
1231 4545 1421 4618 patriarchae
1444 4543 1647 4618 Aquileiensis
1679 4543 1830 4599 conditum

86 4655 209 4730 primos
222 4652 339 4708 incolas
352 4671 389 4708 ex
402 4656 585 4712 monasterio
598 4653 916 4711 Inferiore-Altahensi
934 4657 1062 4730 accepit.
1080 4655 1301 4721 Ankershosen,
1320 4655 1504 4713 Geschichte
1521 4675 1580 4711 von
1594 4657 1737 4721 Karnten,
1753 4656 1790 4711 ΙΙ.
1802 4672 1831 4712 2.

222 4763 246 4842 ³)
270 4766 437 4821 Mosacium
469 4767 516 4822 vel
540 4747 666 4842 Moggio
698 4769 726 4822 in
757 4768 814 4823 sine
838 4768 1013 4824 Carinthiae
1039 4771 1127 4824 situm
1159 4766 1197 4823 ab
1227 4767 1368 4824 Udalrico
1392 4768 1415 4823 Ι.
1444 4768 1615 4843 patriarcha
1643 4768 1828 4842 Aquileiensi

82 4876 331 4960 (1085—1125)
356 4878 506 4935 conditum
531 4893 587 4936 est.
612 4881 751 4955 Czdrnig‚
776 4879 868 4947 Gora,
892 4881 914 4936 I.

221 4990 244 5072 ⁴)
269 4992 448 5048 Rossacium
472 4989 614 5071 (Rosach)
643 4992 681 5050 ab
710 4994 816 5050 eodem
840 4994 981 5051 Udalrieo
1004 5012 1084 5049 anno
1109 4996 1228 5050 circiter
1255 5008 1333 5066 1115
1361 4993 1521 5049 conditum.
1554 4994 1687 5076 Cadrnig
1710 4994 1728 5051 1.
1755 5013 1781 5050 c.
1807 4996 1829 5051 l.

220 5102 243 5184 ⁵)
267 5105 336 5162 Hoc
361 5108 574 5162 monasterium
598 5125 623 5163 s.
647 5108 739 5163 Petro
763 5107 932 5163 dedicatum
957 5109 1077 5164 circiter
1104 5105 1182 5163 1062
1213 5106 1364 5163 conditum
1389 5119 1444 5162 est.
1483 5104 1687 5180 Eitelberger,
1716 5109 1829 5162 Kunst·

77 5219 249 5279 denkmale
272 5221 303 5275 in
326 5218 506 5276 Dalmatica.
535 5220 602 5276 Alia
625 5223 809 5277 monasteria
832 5221 888 5277 hac
912 5222 941 5276 in
964 5221 1061 5276 insula
1085 5233 1184 5276 erant:
1210 5218 1241 5275 S.
1266 5217 1421 5293 Stephani,
1446 5217 1477 5275 S.
1503 5220 1596 5274 Maria
1619 5218 1822 5274 Tresandena.

220 5328 243 5410 ⁶)
268 5330 300 5388 S.
319 5331 522 5405 Chrysogono
539 5333 719 5390 dedicatum.
743 5331 937 5408 Eitelberger
952 5333 970 5389 l.
988 5353 1014 5389 c.
1039 5332 1106 5388 Alia
1122 5332 1255 5388 claustra
1271 5330 1384 5386 ordinis
1408 5333 1503 5386 nostri
1528 5344 1613 5386 erant
1637 5333 1665 5385 in
1688 5330 1821 5385 dioecesi

73 5448 241 5505 Iadrensi:
276 5444 309 5501 S.
334 5443 491 5500 Michaelis
514 5445 550 5502 de
574 5447 692 5513 Monte;
725 5466 765 5503 ss.
790 5448 933 5504 Coronae
963 5460 992 5502 et
1020 5447 1157 5501 Damiani
1187 5441 1258 5520 (rec.
1282 5442 1324 5497 XI
1349 5439 1469 5519 cond.);
1503 5463 1527 5500 s.
1551 5444 1664 5499 Mariae
1692 5440 1826 5499 Iadrens

1584 5545 1621 5592 b*
