4034 6262
882 468 1157 557 ..358-

144 678 241 733 Noten
259 678 296 731 im
313 673 551 732 c-F-Schlussel
568 677 754 750 transponirt
775 674 834 731 und
851 675 975 730 heraus·
1055 670 1243 754 gymnasio
1260 671 1423 734 docenda
1439 671 1553 734 rediit.
1579 670 1688 735 Fama
1703 673 1854 739 doctrinae

144 779 294 856 gegeben.
325 776 354 855 (i.
375 798 401 835 e.
430 779 605 836 Cantilenae
633 775 879 856 ecclesiasticae.)
909 777 976 834 Alle
1056 792 1131 855 eius
1156 793 1226 856 iam
1251 793 1436 876 divulgata
1465 797 1545 873 1859
1573 794 1609 857 in
1636 797 1857 862 monasterium

144 885 259 942 Rechte
276 883 483 940 vorbehalten.
501 883 586 950 Lirrz,
609 881 698 956 1876.
716 883 821 940 Druck
836 901 896 939 von
911 883 974 959 Jos.

143 989 353 1062 Feichtingers
370 987 483 1045 Erben.
501 987 535 1044 8ο
551 990 620 1044 111111.

232 1093 283 1149 ΙΙΙ.
294 1093 350 1149 Die
360 1095 424 1149 vier
434 1092 705 1166 Rechnungsarten
715 1090 768 1147 aul
774 1090 828 1147 der
836 1091 975 1147 Rechen·

143 1200 305 1255 maschine.
330 1194 359 1273 (i.
377 1215 403 1253 e.
426 1197 473 1253 De
494 1211 624 1271 quatuor
641 1195 838 1253 ratiocinandi
856 1196 975 1269 generi·

143 1300 223 1382 bus.)
240 1299 589 1375 Geddchtnissilbungcn
604 1321 670 1358 zum
683 1299 975 1373 Auswendiglernen

144 1408 191 1464 lilr
207 1407 255 1464 dic
272 1405 481 1463 Schulkinder.
500 1404 800 1481 Zusammengestellt
813 1422 873 1460 von
882 1405 913 1460 P.
923 1403 975 1479 Jo-

144 1513 219 1588 seph
237 1513 422 1584 Piirstinger.
439 1510 524 1577 Linz,
546 1508 636 1583 1878.
654 1510 687 1567 8⁰
703 1512 771 1567 min.

231 1619 489 1715 PurgleItner
525 1632 747 1693 Anselmus
784 1631 975 1711 (Admon-

145 1747 305 1831 tensis),
323 1758 401 1812 ortu
419 1758 454 1811 et
471 1747 701 1830 professione.
723 1746 837 1810 Natus
851 1767 900 1808 21.
912 1746 975 1809 Iul.

150 1892 240 1954 1792,
257 1870 346 1953 prof.
369 1891 393 1933 1.
411 1871 507 1952 Aug.
530 1874 619 1951 1813,
635 1870 857 1932 incruentum
874 1869 915 1931 N.
933 1868 973 1932 F.

144 1992 355 2057 sacrificium
371 1993 484 2074 primo
501 1991 696 2054 celebravit
718 1996 764 2054 16.
782 1989 861 2054 Oct.
884 1995 974 2067 1814.

143 2116 391 2179 Neosacerdos
411 2113 592 2196 professor
613 2113 648 2176 in
668 2113 856 2196 gymnasio
873 2122 909 2175 et
924 2112 975 2176 in·

144 2237 270 2301 stituto
291 2235 538 2319 philosophico
559 2235 796 2299 Admontensi
819 2235 975 2298 nomina·

144 2368 202 2422 tus
229 2359 446 2442 theologiam
475 2359 713 2441 dogmaticam
740 2377 805 2440 per
831 2358 975 2440 longum

146 2483 315 2563 temporis
332 2482 487 2563 spatium
504 2481 614 2544 multo
628 2500 706 2544 cum
720 2499 888 2543 successu
905 2489 975 2543 tra·

146 2604 245 2668 didit.
257 2604 376 2666 Variis
386 2605 527 2667 demum
536 2602 740 2667 muneribus
749 2602 976 2666 laudabiliter

145 2725 289 2789 functus
305 2727 370 2789 uti:
392 2726 585 2807 provisoris
606 2726 796 2808 parochiae
814 2725 975 2789 Culmen·

146 2848 205 2930 εἰε,
228 2847 456 2929 cammerarii,
478 2847 660 2911 secretarii
684 2847 840 2929 capituli,
864 2846 975 2929 magi-

147 2971 210 3033 stri
237 2971 449 3033 novitiorum
478 2980 513 3033 et
541 2970 725 3033 directoris
757 2969 974 3051 clericorum,

146 3092 330 3175 scriptoris
361 3092 556 3175 directorii,
588 3092 784 3173 subprioris
815 3103 850 3155 et
881 3092 975 3154 vice·

147 3214 330 3278 directoris
351 3213 457 3277 studii
482 3214 674 3297 theologici
690 3215 889 3277 Admontes
912 3233 975 3294 pa·

146 3338 255 3420 ralysi
272 3336 408 3400 cerebri
425 3337 514 3399 obiit
531 3357 581 3399 21.
598 3336 701 3400 Febr.
724 3341 813 3399 1863.

234 3463 256 3519 Ι.
279 3463 381 3519 Ueber
397 3462 453 3518 den
470 3461 584 3537 Begriff
604 3462 663 3518 und
689 3462 736 3518 die
757 3462 974 3537 Bedingungen

146 3567 201 3624 der
209 3568 358 3643 Religion.
373 3564 402 3644 (i.
414 3586 440 3624 e.
450 3569 539 3623 Notio
554 3582 584 3623 et
596 3567 785 3624 conditiones
797 3563 975 3645 religionis.)

144 3673 314 3730 Frint’sche
331 3671 513 3740 Zeitschrilt,
535 3685 581 3744 13.
597 3672 700 3748 Jahrg.
728 3687 752 3728 1.
770 3671 821 3728 Bd.
847 3687 874 3728 2.
892 3670 974 3727 Hel.

232 3777 269 3834 11.
287 3776 388 3835 Ueber
403 3776 451 3833 die
468 3775 575 3833 Stelle:
594 3776 629 3832 11.
644 3774 725 3833 Sam.
745 3791 771 3849 7.
790 3790 902 3849 1-17,
917 3775 974 3831 und

145 3882 257 3938 andere
269 3880 477 3956 dogmatische
486 3879 638 3936 Aussatze.
649 3877 678 3957 (i.
690 3899 715 3936 e.
730 3880 806 3936 Loci
820 3880 858 3936 11.
871 3898 975 3954 regum

145 4005 212 4062 cap.
230 4000 257 4059 7.
275 3987 486 4061 interpretatio
502 3985 613 4059 aliique
630 3999 774 4041 tractatus
791 3981 975 4063 dogmatici.)

144 4090 268 4147 Ibidem.

231 4202 386 4276 Puschl
421 4186 596 4275 Carolus
628 4209 974 4293 (Seitenstadien-

144 4330 230 4412 sis),
248 4341 353 4394 natus
366 4331 401 4393 in
412 4329 629 4410 Wolfsbach,
646 4330 725 4392 vico
738 4329 907 4393 Austriae
924 4329 975 4391 in·

143 4451 292 4534 ferioriS,
310 4453 367 4515 die
382 4472 410 4532 7.
424 4453 528 4516 Febr.
547 4456 637 4533 1825,
651 4452 825 4515 absolutis
836 4449 975 4516 Seiten-

145 4575 249 4638 stadii
275 4585 311 4638 et
331 4574 471 4638 Lintiae
494 4574 673 4658 gymnasii
697 4575 823 4638 studiis
849 4573 906 4637 die
927 4579 973 4636 15.

145 4696 239 4778 Aug.
268 4701 348 4774 1846
376 4697 410 4759 in
439 4696 654 4759 monasterio
679 4693 974 4759 Seitenstadiensi

145 4838 282 4881 sacrum
298 4819 413 4881 induit
428 4819 599 4900 habitum,
617 4829 653 4881 et
666 4819 722 4881 die
740 4839 787 4897 19.
800 4818 875 4880 lun.
894 4822 969 4880 1851

145 4941 237 5003 votis
262 4941 489 5004 sollemnibus
515 4960 553 5003 se
577 4941 780 5004 obstrinxit.
804 4940 973 5003 Primitiis

146 5062 202 5123 die
228 5066 276 5125 25.
303 5063 367 5126 Iul.
397 5067 474 5125 1852
501 5064 704 5144 celebratis,
730 5063 972 5145 cooperatoris

146 5180 262 5244 officio
278 5183 313 5246 in
326 5185 492 5265 parochia
506 5186 706 5248 Asbacensi
719 5204 784 5267 per
797 5186 886 5247 duos
898 5184 972 5248 fere

1056 916 1196 978 celebre
1217 914 1436 998 Mellicense,
1460 924 1498 978 ut
1519 916 1670 980 eandem
1691 918 1860 984 doctrinam

1055 1038 1223 1118 traderet,
1241 1048 1390 1100 vocatus
1406 1047 1470 1101 est.
1494 1038 1584 1102 Post
1604 1048 1677 1101 tres
1697 1059 1788 1103 annos
1799 1043 1861 1105 do-

1056 1177 1149 1220 mum
1181 1178 1346 1222 reversus
1377 1161 1492 1222 locum
1524 1159 1710 1240 pristinum
1735 1161 1804 1225 inc.
1833 1186 1862 1227 r.

1055 1280 1244 1363 gymnasio
1260 1300 1373 1363 usque
1397 1283 1443 1344 ad
1464 1302 1595 1344 annum
1621 1286 1696 1361 1871
1720 1283 1864 1368 obtinuit,

1057 1422 1126 1484 quo
1143 1422 1236 1465 anno
1252 1414 1401 1485 propter
1421 1424 1569 1486 gravem
1593 1405 1762 1468 oculorum
1779 1426 1864 1470 nor-

1056 1526 1139 1586 bum
1167 1545 1312 1588 munere
1340 1527 1491 1589 docendi
1522 1547 1561 1589 se
1590 1527 1749 1591 abdicare
1771 1547 1864 1592 coac·

1055 1659 1113 1710 tus
1131 1657 1195 1710 est.

1142 1785 1296 1851 Exstant
1323 1789 1434 1852 multa
1465 1789 1541 1850 eius
1570 1808 1681 1871 opera
1705 1791 1860 1853 derebus

1056 1908 1214 1992 physicis
1238 1929 1369 1993 magno
1395 1910 1529 1993 ingenii
1551 1911 1709 1974 acumine
1731 1911 1858 1992 scripta:

1144 2053 1166 2109 I.
1193 2054 1407 2111 Mcchanische
1434 2029 1570 2111 Theorie
1602 2055 1656 2112 der
1680 2055 1854 2112 Naturlrilte.

1056 2154 1085 2234 (i.
1094 2176 1120 2214 e.
1131 2157 1266 2214 'I‘beoria
1278 2158 1452 2215 mechanica
1461 2160 1569 2216 virium
1578 2157 1763 2239 naturalium.)
1771 2160 1852 2218 ll'icn

1055 2262 1123 2319 XII.
1141 2262 1266 2319 Gerold.
1289 2262 1379 2335 1852.

1143 2367 1180 2422 11.
1205 2365 1305 2424 Ueber
1329 2367 1376 2423 die
1400 2367 1601 2443 Einwirkung
1624 2387 1681 2425 von
1702 2369 1786 2426 Licht·
1804 2371 1847 2425 und

1056 2457 1289 2526 Warmewellen
1316 2470 1371 2526 aul
1394 2469 1584 2545 beweglicbe
1607 2472 1842 2530 Massentheilchcn

1056 2570 1085 2649 (i.
1107 2592 1133 2630 e.
1159 2575 1206 2631 De
1229 2575 1303 2632 lucis
1328 2575 1500 2651 calorisque
1522 2576 1695 2633 undularum
1713 2577 1838 2632 actionein

1056 2678 1219 2736 moleculas
1235 2678 1386 2758 mobiles.)
1404 2681 1437 2736 In
1449 2679 1509 2736 den
1522 2679 1794 2757 Sitzungsberichten
1803 2679 1836 2733 der

1056 2784 1698 2842 mathematisch·naturwissenschastlichen
1709 2785 1790 2841 Classe
1800 2781 1833 2836 der

1057 2889 1085 2944 k.
1097 2888 1126 2944 k.
1136 2887 1301 2944 Akademie
1311 2887 1365 2945 der
1374 2888 1637 2946 Wissenschalten
1646 2891 1673 2945 in
1682 2889 1763 2946 Wien.
1773 2884 1829 2956 1855.

1056 2993 1173 3051 Volum.
1191 2992 1256 3049 XV.

1142 3098 1194 3154 III.
1217 3097 1319 3154 Ueber
1344 3097 1400 3153 den
1423 3098 1584 3174 Ursprung
1607 3098 1666 3155 und
1686 3097 1728 3154 die
1743 3094 1826 3152 Gescoe

1056 3202 1110 3258 der
1130 3201 1408 3259 Molekularkra'tlte.
1433 3199 1463 3279 (i.
1481 3221 1508 3260 e.
1531 3204 1578 3259 De
1598 3205 1700 3259 virium
1719 3195 1824 3257 molecult·

1056 3309 1131 3363 rium
1160 3309 1277 3382 origine
1305 3321 1334 3363 et
1362 3305 1504 3386 legibus.)
1537 3304 1784 3382 Sitzungsberichte
1800 3294 1823 3370 (111
1897 3336 1899 3343 ‹

1056 3412 1111 3467 No.
1130 3409 1170 3490 2).
1192 3410 1281 3468 1862.
1300 3412 1365 3469 Vol.
1382 3412 1477 3468 XLV.
1495 3413 1572 3468 Pars
1590 3427 1618 3469 2.

1143 3516 1192 3572 IV.
1202 3517 1265 3572 Das
1275 3515 1626 3591 Strahlungsvermdgen
1635 3503 1821 3583 derAtonelit·
1895 3541 1899 3548 ·

1056 3620 1234 3676 Atomorum
1259 3616 1408 3698 radiatio.)
1432 3620 1500 3677 XII.
1526 3621 1626 3687 wien,
1649 3616 1754 3678 Gerold.
1768 3606 1820 3677 1869·
1895 3629 1899 3651 -·

1142 3743 1177 3799 V.
1192 3741 1293 3798 Ueber
1305 3744 1371 3798 eine
1384 3742 1558 3799 kosmisehe
1570 3742 1741 3814 Anziehung.
1752 3728 1819 3791 reicit
1894 3723 1897 3729 ’

1056 3847 1104 3904 die
1120 3845 1223 3904 Sonne
1243 3846 1335 3903 durch
1355 3848 1420 3904 ihre
1441 3846 1584 3905 Strahlen
1605 3845 1716 3904 ausfibt.
1734 3831 1819 3920 (1,th

1057 3954 1189 4008 cosmica
1197 3951 1326 4026 quadam
1337 3954 1517 4009 attractione
1528 3971 1586 4028 per
1598 3952 1670 4008 solis
1680 3947 1760 4007 radios
1768 3950 1818 3996 eru·

1057 4054 1136 4136 cita.)
1153 4054 1431 4132 Sitzungsberichte
1445 4052 1488 4135 (ut
1496 4057 1553 4114 No.
1567 4055 1607 4136 2).
1622 4055 1705 4130 1870.
1715 4036 1817 4109 Votlll·
1893 4042 1899 4069 ·’·

1056 4163 1130 4218 Pars
1148 4176 1175 4217 2.

1143 4266 1193 4322 VI.
1218 4264 1319 4323 Ueber
1340 4266 1577 4340 Warmemenge
1602 4265 1661 4322 und
1682 4260 1817 4334 Temperatus
1895 4246 1899 4277 ²

1055 4371 1109 4428 der
1119 4373 1248 4447 Korpcr.
1265 4368 1295 4448 (i.
1309 4389 1336 4426 e.
1354 4372 1400 4427 De
1417 4388 1581 4446 corporum
1597 4370 1701 4427 caloris
1711 4358 1817 4441 quantiVIe
1894 4362 1899 4381 ²

1056 4490 1085 4532 et
1097 4474 1215 4554 gradu.)
1232 4473 1512 4549 Sitzungsberichte
1524 4472 1570 4553 (ut
1582 4477 1637 4532 No.
1652 4472 1689 4553 2).
1702 4450 1815 4542 187610ι
1894 4460 1897 4471 '

1056 4580 1151 4636 LXII.
1169 4581 1243 4637 Pars
1260 4594 1288 4636 2.

1142 4683 1207 4740 VII.
1236 4681 1337 4740 Ueber
1363 4683 1421 4738 den
1448 4684 1704 4757 Zusammenhang
1724 4665 1816 4735 11111111ῃ
1895 4670 1899 4691 ·“

1055 4784 1243 4863 Absorption
1261 4787 1319 4843 und
1337 4788 1497 4863 Brechung
1517 4789 1573 4845 des
1594 4789 1717 4846 Lichtes.
1734 4780 1755 4859 li·
1766 4764 1816 4831 2·st
1893 4759 1897 4794 ξ

1054 4912 1132 4949 nexu
1149 4890 1355 4968 absorptionis
1373 4906 1402 4948 et
1415 4892 1603 4950 infractionis
1617 4887 1706 4968 lucis.)
1719 4885 1816 4945 8112118
1894 4869 1899 4903 ³

1054 4996 1190 5054 berichte
1206 4994 1249 5074 (ut
1265 4999 1321 5054 No.
1340 4994 1379 5074 2).
1401 4995 1492 5070 1873.
1510 4997 1579 5055 Vol.
1596 4995 1711 5055 LXVII.
1725 4992 1775 5048 Pars
1786 4991 1801 5033 ²·

1140 5120 1221 5176 VIII.
1246 5119 1347 5177 Ueber
1370 5119 1417 5175 die
1437 5117 1667 5195 Mitbewegung
1684 5118 1730 5174 des
1745 5102 1817 5207 Licllls
1896 5100 1899 5107 ’

1053 5227 1083 5281 in
1098 5223 1258 5299 bewegten
1274 5224 1400 5280 Mitteln.
1423 5221 1452 5301 (i.
1472 5243 1498 5280 c.
1521 5225 1570 5280 De
1594 5223 1762 5299 correptione
1775 5208 1817 5263 tuus

146 5322 257 5364 annos
273 5315 328 5366 est
347 5304 499 5369 functus,
523 5308 611 5370 Inde
638 5311 716 5369 1853
741 5307 776 5369 in
796 5316 972 5370 monaste·
1053 5330 1196 5386 jnmedfis
1207 5325 1318 5406 motis.)
1330 5326 1614 5403 Sitzungsberichte
1624 5325 1722 5406 (ustio,
1731 5309 1819 5398 2).183l

147 5423 235 5483 rium
259 5426 303 5485 ad
327 5428 575 5492 mathematica
600 5437 635 5491 et
658 5428 808 5510 physica
832 5427 869 5490 in
892 5448 920 5491 c.
945 5449 972 5492 r.
1054 5434 1120 5490 Vol.
1137 5433 1275 5489 LXVIII.
1294 5434 1368 5488 Pars
1386 5447 1414 5488 2.
