4034 6262
778 538 1059 608 ,301-

124 724 194 788 11ἰηί
209 725 336 786 missus
352 723 388 786 in
405 722 647 805 Si'tusenstein,
669 725 715 786 ad
732 744 758 786 s.
775 723 878 785 Ioan-

124 870 137 910 1
154 847 236 911 etin
252 847 401 930 Aspach
416 847 562 928 parochi
583 865 728 909 munere
748 866 814 927 per
829 845 880 907 vi·

124 969 146 1031 :i
163 987 273 1031 annos
292 968 435 1032 functus
455 970 522 1031 hac
539 970 574 1031 in
590 969 759 1051 parochia
775 968 833 1031 die
855 988 879 1029 1.

124 1111 145 1154 ·.
160 1092 236 1169 1829
254 1090 469 1154 obdormivit
485 1091 519 1153 in
533 1091 695 1153 Domino.
714 1088 879 1171 Scripsit:

141 1217 161 1273 Ι.
185 1217 378 1276 Monumenta
400 1215 692 1275 Steitenstadiensia.
717 1214 735 1274 8
760 1216 819 1272 vol.
848 1216 881 1271 ln

126 1323 177 1378 ivo
192 1319 442 1378 Seitenstadiensi
459 1321 628 1378 adservata.

141 1426 174 1483 ll.
192 1423 332 1482 Tabulae
349 1428 619 1502 manuscriptorum
637 1425 774 1483 codicum
791 1427 820 1481 in
835 1423 881 1480 bi·
902 1473 904 1477 .

128 1530 158 1587 h.
169 1527 350 1587 Seitenstad.
364 1529 603 1587 adservaturum.
622 1545 638 1587 2
650 1530 710 1586 vol.
727 1530 761 1586 In
773 1527 882 1586 biblio·

124 1653 143 1692 11
157 1632 414 1692 Seitenstadiensi.

142 1739 190 1794 lll.
208 1737 413 1814 Antiquitates
430 1740 669 1815 typographicae
684 1757 738 1795 seu
753 1736 818 1794 libri
831 1756 881 1793 us·

124 1843 165 1899 ad
179 1862 287 1899 annum
309 1858 390 1916 1500
406 1845 555 1920 impressi,
576 1845 627 1919 qui
649 1845 678 1899 in
699 1840 882 1899 bibliotheca

124 1950 225 2005 asterii
252 1946 520 2005 Seitenstadiensis
551 1946 749 2004 adservantur
774 1965 881 2003 secun·

143 2070 282 2108 annorum
300 2054 409 2108 seriem
426 2052 566 2127 dispositi
588 2064 619 2108 et
641 2050 784 2127 descripti
807 2068 882 2106 non·

124 2175 199 2232 sque
216 2159 296 2213 notis
317 2155 632 2213 historico-litterariis
654 2155 800 2212 illustrati.
825 2155 880 2210 Ms.

140 2263 164 2317 in
179 2260 316 2319 biblioth.
333 2259 515 2318 Seitenstad.
534 2261 652 2317 adserv.

143 2410 883 2503 MlidlhammerGregoriusMichael

128 2539 455 2617 chaelburanus),
469 2537 764 2621 salisburgensis,
778 2548 883 2600 natus

124 2661 267 2743 isburgi,
291 2682 340 2740 29.
358 2660 458 2743 Sept.
480 2666 574 2742 1811,
595 2661 686 2744 prof.
709 2681 759 2740 29.
783 2658 883 2741 Sept.

124 2785 154 2863 b,
168 2803 235 2846 sac.
257 2805 304 2847 12.
322 2784 417 2866 Aug.
440 2788 528 2846 1838.
554 2783 690 2849 Studiis
711 2783 884 2866 theologi-

124 2905 292 2968 absolutis
314 2907 361 2968 ad
384 2925 503 2969 curam
525 2906 720 2968 animarum
735 2914 885 2968 vocatus

124 3035 160 3088 to
181 3027 320 3090 fervore
344 3027 379 3089 in
403 3028 509 3090 vinea
531 3027 673 3090 Domini
698 3026 885 3107 laboravit,

124 3149 160 3210 td
170 3168 303 3212 summa
318 3169 464 3212 munera
476 3149 511 3212 in
524 3161 646 3213 nostro
660 3149 884 3230 monasterio,

124 3281 181 3334 ote
190 3274 234 3334 ad
243 3271 398 3335 officium
411 3273 549 3354 prioris,
560 3272 683 3336 vicarii
695 3272 885 3353 parochiae

124 3392 397 3457 dministratoris
406 3394 743 3475 praedii„Amthof“
754 3394 790 3456 in
801 3392 885 3458 See·

124 3510 225 3595 lchen,
246 3516 374 3598 prioris
395 3526 432 3578 et
453 3516 750 3578 administratoris
766 3535 886 3578 mona-

124 3633 159 3696 rii
169 3637 201 3699 in
214 3638 384 3701 suburbio
394 3638 506 3700 Miilln
515 3658 628 3720 prope
638 3638 886 3720 Salisburgum

124 3753 313 3841 ›ignaretur,
329 3771 365 3823 et
377 3781 398 3823 a
415 3772 537 3823 nostro
554 3760 807 3842 augustissimo
823 3759 885 3821 im·

124 3890 220 3945 'atore
228 3884 257 3945 F
259 3883 421 3946 rancisco
429 3882 582 3963 Iosepho
596 3883 650 3945 Ι1110
662 3901 772 3944 aurea
782 3900 886 3944 cruce

124 3999 234 4067 ritoria
250 4025 329 4068 cum
346 4024 477 4068 corona
495 4014 689 4067 ornaretur.

150 4123 247 4190 Prelo
263 4127 411 4190 tradidit
428 4125 615 4208 sequentia
631 4125 781 4206 scripta:

151 4250 170 4308 l.
193 4253 275 4311 Rede
300 4253 348 4310 bei
373 4252 430 4310 der
453 4252 653 4326 Hinricbtung
674 4251 728 4307 des
748 4249 886 4307 Morders

124 4349 156 4409 ll.
170 4376 202 4413 zu
217 4356 476 4415 Schwanenstadt.
495 4357 558 4412 Der
572 4356 751 4429 Reinertrag
764 4373 827 4410 war
840 4354 887 4411 lilr

130 4454 390 4518 llinterbliebenen
408 4461 461 4517 des
478 4460 703 4534 Erschlagenen
724 4457 885 4515 bestimmt.

126 4599 137 4613 ·
147 4562 302 4632 Allocuti0,
316 4585 383 4622 cum
399 4564 548 4621 homicida
565 4563 600 4620 E.
613 4565 651 4619 M.
670 4560 805 4639 patibulo
821 4560 886 4617 alsi·

124 4677 181 4726 etur
199 4668 480 4746 Schwanenstadii.)
506 4669 641 4732 Lentiae,
668 4668 746 4742 typis
767 4667 886 4722 loannis

124 4766 238 4850 inmayr.
263 4774 353 4846 1842.
370 4774 580 4830 Emolumenta
596 4771 760 4828 afferuntur
773 4788 886 4845 cogna-

124 4879 258 4935 'sucidati

148 4978 886 5058 ll.Reiseerinnerungen.(i.e.Recordationesiti·

124 5079 160 5163 is.)
173 5085 353 5162 salisburgi,
369 5100 430 5163 typ.
441 5086 511 5142 Ant.
521 5087 635 5141 Pustet.
650 5082 739 5156 1870.
753 5097 793 5157 37
804 5101 833 5159 p.
844 5082 885 5141 8⁰.

146 5230 479 5307 Moedlhammer
494 5243 701 5306 Martinus
719 5240 886 5324 (Cremi-

124 5362 273 5441 lensis),
305 5369 412 5424 antea
443 5361 656 5424 Franciscus
687 5360 731 5422 de
762 5360 885 5438 Paula,

125 5484 269 5548 striacus
285 5484 331 5546 ad
348 5504 374 5547 s.
392 5484 558 5565 Floriani,
575 5482 632 5545 die
655 5502 678 5543 1.
697 5482 785 5561 Apr.
807 5485 884 5561 1745

960 733 1074 804 natus,
1099 724 1217 786 studia
1237 723 1445 792 humaniora
1470 733 1506 786 et
1528 723 1789 804 philosophiam

961 843 1152 908 Cremifani
1167 846 1330 908 absolvit.
1355 845 1492 908 Exacto
1513 845 1674 908 tirocinio
1691 865 1717 908 s.
1734 864 1788 906 re-

960 968 1081 1051 gulam
1095 967 1160 1030 'die
1186 988 1232 1030 11.
1250 968 1339 1031 Nov.
1367 972 1445 1047 1765
1467 967 1651 1049 professus
1676 977 1713 1029 et
1736 965 1794 1029 die

963 1110 1013 1167 29.
1023 1089 1086 1151 Iul.
1101 1109 1183 1169 1770
1194 1092 1467 1171 presbyteratus
1478 1090 1654 1172 dignitate
1665 1099 1793 1152 auctus

961 1218 1026 1275 est.
1056 1230 1131 1290 1771
1150 1209 1332 1292 professor
1352 1213 1553 1274 matheseos
1577 1222 1613 1274 et
1636 1211 1793 1292 philoso-

961 1331 1066 1412 phiae
1083 1332 1384 1413 experimentalis‚
1411 1352 1487 1413 177²
1506 1332 1687 1414 professor
1704 1334 1793 1415 phy·

962 1453 1074 1527 sicae;
1092 1455 1221 1518 deinde
1237 1456 1415 1536 parochus
1431 1456 1467 1518 in
1480 1454 1715 1536 Sipbachzell,
1731 1475 1795 1536 po·

962 1584 1040 1639 stea
1055 1577 1211 1659 granarii
1224 1578 1430 1658 praefectus
1443 1577 1478 1640 in
1492 1578 1715 1658 monasteri0‚
1733 1578 1794 1639 de·

962 1699 1069 1780 nique
1085 1700 1261 1780 parochus
1273 1699 1309 1761 in
1318 1698 1618 1779 Steinerkirchen‚
1631 1699 1720 1761 obiit
1734 1699 1793 1760 die

964 1841 991 1885 2.
1008 1820 1084 1885 Iun.
1108 1823 1197 1884 1800.

1049 1944 1330 2025 Manuscriptum
1359 1944 1502 2026 reliquit
1533 1945 1619 2006 satis
1647 1943 1795 2005 volumi-

962 2084 1086 2128 nosum
1103 2066 1244 2128 librum:

1049 2191 1278 2266 Uebersetzung
1299 2191 1357 2248 und
1380 2192 1572 2249 Commentar
1593 2191 1646 2248 der
1666 2189 1795 2247 Biwald·

963 2296 1055 2352 schen
1078 2296 1266 2352 Naturlehre.
1291 2292 1321 2364 (i.
1339 2314 1366 2352 e.
1384 2297 1492 2354 Versio
1513 2308 1543 2352 et
1563 2296 1795 2352 commentarius

963 2401 1107 2457 scientiae
1124 2400 1268 2457 naturalis
1282 2398 1426 2479 Riwaldi.)
1442 2405 1484 2473 4⁰.
1501 2399 1674 2457 Archivium
1688 2399 1795 2455 obser·

964 2506 1072 2560 vatorii
1089 2505 1283 2561 astronomici
1300 2504 1351 2593 VI.
1374 2502 1441 2561 116.

1051 2622 1164 2704 Typis
1180 2621 1374 2702 impressae
1391 2629 1488 2684 sunt:

1051 2748 1073 2804 Ι.
1084 2749 1256 2804 Positiones
1269 2766 1306 2804 ex
1316 2747 1442 2803 mathesi
1455 2759 1486 2803 et
1498 2746 1625 2823 physica
1637 2761 1694 2802 etc.
1708 2764 1798 2821 prae·

965 2853 1029 2910 side
1045 2853 1078 2909 P.
1096 2854 1224 2909 Martino
1241 2852 1485 2908 Moedlhammer.
1503 2849 1624 2925 Styrae,
1639 2852 1678 2908 W
1682 2854 1795 2906 immet.

970 2971 1059 3030 1774·
1077 2963 1119 3030 4⁰·
1143 2955 1179 3013 1⁶
1196 2976 1224 3032 1³·

1012 3108 1019 3132 ,
1051 3063 1089 3119 II.
1115 3063 1286 3118 Positiones
1309 3080 1346 3118 ex
1370 3062 1496 3137 physica
1517 3074 1575 3117 etc.
1600 3060 1741 3137 praeside
1764 3061 1797 3117 P.

964 3169 1093 3224 Martino
1106 3165 1351 3223 Moedlhammer.
1364 3167 1471 3236 Lincii,
1485 3166 1687 3240 Peichtinger.
1706 3178 1797 3237 1777.

965 3281 1009 3346 4⁰.
1032 3287 1067 3329 12
1086 3291 1114 3348 p.

1052 3399 1198 3472 Mollik
1225 3410 1382 3472 Tobias
1407 3411 1467 3490 (de
1489 3429 1515 3474 s.
1532 3409 1674 3472 Monte
1695 3410 1798 3471 Pan-

965 3529 1141 3610 noniae),
1155 3548 1182 3590 s.
1193 3527 1396 3609 theologiae
1409 3528 1544 3607 doctor,
1557 3527 1689 3589 Iaurini
1707 3527 1798 3588 eius-

966 3653 1047 3714 dem
1063 3670 1151 3713 com.
1165 3650 1200 3711 in
1212 3648 1398 3731 Hungaria
1410 3649 1468 3710 die
1490 3653 1535 3712 13.
1549 3649 1624 3711 Iun.
1644 3654 1719 3728 1751
1737 3669 1798 3711 na·

965 3785 1033 3856 tus,
1050 3782 1134 3835 vota
1150 3771 1334 3834 sollemnia
1347 3770 1404 3832 die
1423 3789 1468 3849 17.
1479 3770 1569 3835 Nov.
1584 3775 1663 3849 1708
1681 3771 1798 3833 emisit

966 3906 1003 3960 et
1015 3895 1072 3958 die
1087 3915 1137 3973 29.
1147 3894 1222 3955 Iun.
1240 3897 1318 3971 1775
1333 3893 1523 3973 presbyter
1535 3892 1718 3953 ordinatus
1732 3903 1796 3954 est.

967 4018 1101 4083 Ordine
1119 4038 1145 4079 s.
1163 4015 1305 4077 sublato
1322 4013 1472 4094 primum
1490 4013 1621 4076 Iaurini
1643 4014 1676 4075 in
1693 4014 1797 4096 lyceo

966 4139 1171 4222 episcopali,
1188 4147 1261 4199 tum
1279 4136 1425 4218 Agriae,
1449 4136 1579 4198 deinde
1596 4137 1732 4198 Pestini
1751 4140 1796 4199 ad

965 4261 1101 4343 regiam
1118 4257 1395 4337 universitatem,
1413 4257 1625 4338 sublataque
1642 4259 1688 4319 ad
1704 4259 1796 4321 hanc

965 4384 1135 4446 facultate
1152 4381 1355 4463 theologica
1371 4380 1496 4443 iterum
1514 4380 1645 4443 Iaurini
1662 4382 1798 4442 theolo-

965 4506 1047 4588 giae
1060 4503 1296 4573 inseminario
1309 4502 1503 4583 professor;
1520 4502 1686 4565 restituto
1700 4523 1725 4564 s.
1743 4523 1796 4565 or-

966 4627 1047 4689 dine
1069 4631 1212 4704 1802—7
1227 4624 1388 4705 superior
1405 4626 1530 4685 domus
1546 4624 1674 4688 Iaurin.
1693 4635 1728 4686 et
1746 4625 1796 4686 di·

965 4761 1082 4811 rector
1105 4767 1235 4829 gymn,
1265 4750 1430 4822 1807-15
1453 4764 1539 4807 vero
1563 4746 1796 4808 bibliotheca-

965 4871 1038 4932 rius
1050 4880 1087 4931 et
1099 4869 1288 4951 theologus
1301 4867 1516 4929 domesticus
1528 4867 1631 4929 amici
1645 4868 1698 4930 sui
1709 4868 1797 4930 Leo·

965 4992 1061 5074 poldi
1086 4990 1273 5073 Somogyi‚
1301 4990 1460 5071 episcopi
1487 4988 1726 5069 Sabariensis,
1750 5006 1798 5052 ex

966 5134 1035 5197 quo
1057 5133 1149 5176 anno
1170 5113 1365 5194 spiritualis
1380 5112 1512 5175 Iaurini
1528 5113 1639 5194 degit,
1661 5113 1721 5174 ubi
1740 5113 1797 5175 die

971 5241 1017 5300 15.
1035 5237 1123 5317 Apr.
1145 5240 1225 5313 1824
1242 5236 1301 5318 pie
1320 5245 1359 5297 ut
1376 5235 1467 5298 vixit
1484 5234 1578 5298 obiit.

1053 5359 1264 5421 Praeclarus
1281 5358 1345 5439 vir,
1363 5357 1423 5438 qui
1439 5376 1532 5419 anno
1553 5360 1634 5419 1816
1656 5375 1720 5436 pro
1737 5377 1798 5418 va·

967 5480 1130 5543 cantibus
1157 5478 1313 5542 abbatiis
1341 5480 1385 5541 de
1410 5479 1549 5561 Tihany
1574 5488 1610 5541 et
1630 5478 1799 5560 Bakony-
