4088 6270
782 537 825 546 -
870 499 961 561 XIII
1008 537 1050 543 —

176 729 268 791 Tum
292 747 378 790 vero
402 737 479 790 orta
504 736 586 789 sunt
609 726 824 789 monasteria
847 725 1041 787 Melicense
1058 725 1091 805 ¹),
1123 722 1357 785 Gottvicense
1373 725 1406 805 ²),
1439 722 1789 803 seitenstettenses),

60 871 97 932 ad
113 869 221 931 cellas
240 866 462 945 Marianas4),
487 865 809 947 Altenburgense5)
835 862 870 924 in
887 862 1034 924 Austria
1050 860 1226 942 inferiore,
1243 860 1531 943 Lambacenseu,
1550 860 1789 942 Garstense7),

60 1003 327 1082 Gluniacense⁸)
359 1005 394 1066 in
423 1003 570 1066 Austria
601 1002 798 1084 superiore,
831 1002 1127 1081 Admontense9),
1161 1021 1186 1063 s.
1219 999 1456 1082 Lamberti¹⁰),
1490 1001 1789 1083 Oberburgum¹¹)

179 1275 199 1355 ι)
223 1277 373 1332 Melicium
398 1276 614 1351 Apostolorum
640 1273 828 1350 principibus
846 1276 936 1331 Petro
953 1287 983 1329 et
998 1273 1092 1331 Paulo
1109 1273 1279 1329 dedicatum
1302 1292 1320 1328 a
1343 1275 1440 1348 primo
1456 1274 1597 1331 Austriae
1614 1276 1789 1332 marchione

60 1390 208 1467 Leopoldo
232 1387 477 1462 Babenbergensi
496 1387 556 1462 983
576 1389 696 1444 circiter
712 1387 864 1444 conditum
882 1389 1006 1462 primum
1025 1388 1220 1442 canonicatus
1229 1399 1311 1454 erat,
1336 1400 1444 1461 postea
1460 1405 1478 1442 a
1494 1388 1656 1463 Leopoldo
1672 1387 1786 1445 Sancto

64 1501 133 1576 1089
157 1502 226 1558 siliis
250 1522 274 1557 s.
301 1500 453 1557 Benedicti
479 1519 515 1556 ex
540 1503 724 1557 monasterio
748 1499 948 1557 Lambacensi
972 1498 1096 1555 adscitis
1127 1498 1266 1554 traditum
1292 1512 1346 1555 est.
1388 1499 1573 1575 Keiblinger,
1604 1501 1789 1558 Geschichte

59 1634 105 1671 von
128 1615 220 1681 Melk,
244 1615 267 1671 1.

176 1723 199 1803 2)
222 1727 439 1782 Monasterium
463 1725 662 1782 Gottvicense
684 1726 880 1781 Beatissimae
903 1725 1016 1780 Mariae
1032 1725 1149 1798 Virgini
1173 1737 1382 1781 consecratum
1406 1723 1446 1781 ab
1462 1725 1621 1782 Altmanno
1639 1729 1788 1802 episcopo

62 1840 219 1895 Pataviensi
248 1853 327 1910 1072
354 1840 476 1894 circiter
498 1837 649 1893 conditum
674 1850 703 1893 et
726 1836 765 1894 ab
789 1839 853 1893 eius
877 1855 1058 1893 successore
1083 1836 1223 1893 Udalrico
1248 1838 1269 1892 Ι.
1300 1838 1454 1894 monachis
1484 1857 1507 1894 s.
1534 1839 1622 1894 Blasii
1655 1841 1682 1894 in
1707 1838 1791 1895 Silva
1885 1898 1892 1915 ⁸

62 1953 140 2026 Nigra
164 1952 305 2008 traditum
330 1964 385 2019 est,
410 1953 460 2025 qui
485 1951 702 2006 Hartmannum
727 1948 866 2006 abbatem
885 1969 951 2006 curn
969 1951 1031 2005 suis
1048 1950 1202 2005 monachis
1224 1963 1304 2022 1004
1321 1967 1358 2005 eo
1376 1952 1529 2006 miserunt.
1554 1953 1663 2018 Carhn,
1683 1952 1789 2028 Diplo·

64 2067 204 2119 natarium
229 2063 440 2120 Gottvicense.

179 2176 201 2255 ³)
224 2175 459 2234 Seitenstadium
490 2176 687 2231 Beatissimae
711 2175 826 2248 Virgini
857 2175 971 2229 Mariae
1003 2173 1172 2229 dedicatum
1203 2171 1241 2229 ab
1272 2174 1432 2231 Udiscalco
1463 2174 1554 2232 nobili
1584 2176 1621 2232 de
1645 2175 1731 2233 Stille
1761 2191 1791 2235 et

68 2290 125 2346 11111
144 2305 220 2364 1100
239 2289 392 2346 conditum
417 2303 447 2344 et
470 2290 623 2344 canonicis
646 2285 853 2344 saecularibus
877 2288 1067 2342 commissum
1093 2301 1147 2342 est.
1181 2285 1243 2343 Sed
1259 2288 1316 2342 iam
1337 2302 1415 2359 1115
1435 2289 1480 2343 his
1497 2288 1648 2364 demptum
1666 2302 1696 2346 et
1713 2288 1790 2346 San-

72 2403 198 2460 Blasianis
214 2423 252 2460 ex
269 2403 454 2459 monasterio
470 2400 661 2457 Gottvicensi
679 2400 755 2457 duce
771 2399 932 2475 Leopoldo
949 2402 1051 2474 priore
1069 2400 1207 2455 traditum
1224 2412 1281 2455 est
1313 2399 1509 2457 Tabularium
1526 2399 1790 2459 Seitenstettense.

179 2515 201 2592 ⁴)
225 2516 328 2572 Cellae
352 2515 505 2573 Marianae
521 2513 662 2570 Austriae
687 2512 837 2569 inferioris
859 2510 938 2585 1136
962 2510 1000 2568 ab
1017 2513 1150 2569 Henrico
1175 2525 1205 2568 et
1228 2512 1349 2588 Rapoto
1374 2511 1411 2568 de
1430 2512 1653 2589 Schwarzburg
1676 2515 1789 2591 adpro·
1875 2519 1877 2522 ’

73 2627 144 2684 hante
165 2628 325 2704 Leopoldo
343 2627 394 2684 IV.
419 2627 590 2683 marchione
615 2625 754 2683 conditae
781 2626 936 2683 monachis
956 2624 1171 2681 Aitahensibus
1201 2625 1358 2682 mandatae
1381 2639 1457 2682 sunt.
1489 2627 1583 2683 Vide:
1616 2628 1791 2686 Kirchliche

75 2739 270 2817 Topographie
293 2759 354 2796 von
378 2739 583 2807 Oesterreich,
607 2740 643 2796 V.
677 2740 750 2795 Cum
775 2741 804 2795 in
832 2742 1015 2795 monasterio
1037 2738 1298 2795 Inier.-Altahensi
1323 2739 1407 2813 leges
1433 2741 1615 2814 Hirsaugiae
1639 2743 1789 2815 vigerent.

76 2855 144 2909 etiam
165 2854 192 2909 hi
216 2853 355 2910 monachi
379 2852 513 2909 eiusdem
537 2854 784 2927 congregationis
808 2851 935 2908 fuerunt.

181 2965 202 3044 ⁵)
225 2964 445 3038 Altenburgum
469 2986 493 3022 s.
518 2963 684 3022 Lamberto
708 2965 878 3021 dedicatum
903 2983 939 3020 ex
961 2966 1144 3020 monasterio
1169 2984 1194 3021 s.
1210 2963 1365 3020 Lamberti
1381 2962 1520 3022 Stiriensi
1541 2981 1670 3041 rogante
1686 2967 1790 3024 Hilde-

79 3075 153 3153 burga
174 3083 281 3136 comite
298 3078 336 3135 de
354 3081 449 3153 Buige
470 3094 550 3152 1144
576 3079 795 3152 frequentatum
820 3092 875 3133 est.
911 3079 1037 3151 Burger,
1063 3077 1245 3133 Geschichte
1268 3076 1528 3153 vonAltenburg.·
1554 3080 1629 3137 Cum
1652 3082 1791 3138 monachi
1848 3119 1853 3133 .

80 3209 97 3245 s.
114 3191 254 3249 Lamberti
279 3212 334 3269 per
358 3194 573 3259 Hartmannum
599 3190 738 3248 abbatem
763 3190 992 3247 Gottvicensem
1024 3190 1109 3264 leges
1138 3192 1385 3265 congregationis
1409 3189 1558 3247 Suevicae
1586 3195 1789 3269 accepissent,

82 3303 148 3358 etiam
169 3305 427 3379 hitenburgenses
451 3307 476 3360 ei
501 3304 643 3379 adscripti
669 3317 762 3359 erant.

184 3414 205 3493 ⁶)
228 3418 413 3474 Lambacum
437 3419 635 3474 Beatissimae
658 3419 774 3490 Virgini
798 3417 911 3472 Mariae
934 3416 1104 3472 dedicatum
1128 3417 1166 3473 ab
1183 3415 1375 3473 Adalberone
1391 3419 1539 3493 episcopo
1556 3417 1791 3495 Herbipolitano

84 3532 166 3585 comite
187 3533 222 3587 de
239 3531 326 3586 Weis
349 3544 379 3586 et
395 3530 550 3587 Lambach
572 3529 651 3602 1056
676 3532 796 3585 circiter
818 3529 970 3585 conditum
994 3531 1130 3586 monachi
1147 3528 1419 3586 Schwarzacenses
1443 3531 1655 3606 possederunt.
1688 3533 1792 3588 Bkke·

83 3634 162 3697 bertus
192 3647 304 3718 primus
339 3640 434 3699 abbas
465 3640 681 3698 Lambacensis
716 3642 854 3715 idemque
888 3640 985 3698 abbas
1016 3640 1279 3699 Schwarzacensis
1304 3642 1465 3698 Guilielmo
1489 3644 1584 3700 Beato
1608 3645 1791 3719 Hirsaugiae

85 3746 236 3811 familiariter
260 3774 333 3810 usus
357 3767 413 3811 est.
452 3754 638 3820 Schmieder,
663 3754 835 3811 Chronicon
860 3753 1077 3811 Lambacense.

186 3867 206 3944 7)
229 3867 423 3923 Garstenium
447 3885 544 3942 prope
568 3864 698 3940 Styriam
724 3867 752 3920 in
776 3866 901 3921 Austria
924 3869 1081 3942 superiore
1106 3869 1192 3922 situm
1210 3869 1380 3942 patrocinio
1396 3869 1507 3924 Beatae
1528 3870 1643 3925 Mariae
1659 3871 1792 3944 Virginis

86 3976 193 4034 traditum
217 3980 255 4035 ab
280 3979 457 4035 Ottacherio
482 3980 531 4036 IV.
557 3979 730 4035 marchione
754 3977 865 4035 Stiriae
889 3978 1123 4036 San-Blasionis
1147 3979 1397 4037 Gottvicensibus
1427 3984 1618 4039 commissum
1647 3997 1710 4051 est,
1741 3985 1792 4057 qui

86 4084 211 4147 duodecim
244 4110 370 4148 numero
402 4092 482 4148 ducti
514 4110 532 4147 a
562 4091 653 4149 beato
678 4091 837 4148 Wirntone
869 4093 972 4167 priore
1007 4106 1085 4166 1107
1123 4093 1151 4149 id
1185 4094 1397 4169 possederunt.
1437 4096 1552 4152 Primus
1583 4094 1693 4161 abbas,
1725 4114 1791 4151 cum

86 4197 177 4260 Wimto
199 4204 431 4261 Formbachium
454 4218 643 4272 avocaretur,
669 4224 693 4260 s.
718 4204 899 4261 Berthoidus
923 4216 988 4259 erat
1012 4201 1264 4283 (1110—1142),
1289 4208 1339 4281 qui
1362 4220 1452 4263 antea
1475 4208 1560 4282 prior
1583 4206 1792 4263 Gottvicensis

85 4309 164 4375 iuerat.
193 4320 304 4383 Friess‚
331 4317 513 4374 Geschichte
537 4336 596 4373 von
620 4317 761 4374 Garsten.

185 4425 205 4507 Β)
229 4430 409 4487 Giuniacum
433 4448 530 4505 prope
554 4428 685 4504 Styriam
710 4433 738 4485 in
762 4431 884 4486 Austria
909 4433 1066 4506 superiore
1091 4451 1114 4487 s.
1133 4430 1285 4507 Apostolo
1308 4432 1449 4489 Andreae
1473 4433 1642 4489 dedicatum
1658 4433 1697 4491 ab
1714 4433 1788 4488 Arn-

82 4535 157 4596 101100
179 4542 269 4599 nobili
294 4543 332 4598 de
356 4541 485 4598 Glunich
514 4557 595 4599 1120
619 4545 740 4600 circiter
764 4543 915 4599 conditum
940 4558 995 4599 est.
1028 4545 1116 4608 Pritz,
1141 4543 1327 4602 Geschichte
1350 4564 1409 4602 von
1433 4544 1555 4603 Gieink.

184 4654 205 4733 9)
230 4657 269 4714 Ut
293 4657 507 4712 monasterium
532 4654 737 4712 Admontense
769 4656 960 4722 conderetur,
995 4657 1103 4714 sactum
1136 4671 1182 4714 est
1213 4676 1268 4734 per
1292 4659 1447 4714 Hemmam
1480 4661 1619 4714 comitem
1650 4657 1687 4714 de
1708 4660 1793 4714 Frie-

80 4767 142 4833 sach,
164 4787 239 4844 quae
263 4783 381 4846 partem
405 4769 597 4844 praediorum
620 4769 657 4825 ad
681 4768 823 4825 Annesim
841 4769 986 4826 Balduino
1003 4773 1150 4846 episcopo
1167 4772 1338 4828 Pataviensi
1362 4774 1404 4828 ita
1427 4770 1557 4840 tradidit,
1583 4785 1614 4827 ut
1630 4770 1669 4828 ibi
1688 4790 1793 4828 mona·

79 4880 177 4937 sterium
200 4886 343 4957 erigeret,
369 4882 398 4938 id
422 4882 505 4957 quod
528 4883 777 4958 archiepiscopus
801 4880 983 4939 Gebhardus
1000 4882 1135 4940 Balduini
1159 4903 1322 4942 successor
1344 4884 1501 4940 duodecim
1525 4884 1681 4941 monachis
1698 4883 1792 4942 Salis·

79 4983 156 5066 burgo
177 4996 301 5051 adscitis
331 5007 411 5067 1074
435 4997 596 5071 praestitit.
629 4995 784 5062 Wichner,
809 4994 994 5052 Geschichte
1018 5014 1078 5052 von
1102 4996 1243 5064 Admont,
1272 5011 1297 5052 1.

184 5104 219 5184 ιο)
241 5108 462 5164 1100011111001
487 5126 511 5164 1.
535 5106 690 5164 Lamberti
714 5106 753 5164 ab
776 5109 910 5164 Henrico
934 5108 1299 5182 duceCarinthiae1103
1325 5109 1476 5165 conditum
1494 5121 1524 5164 et
1540 5111 1684 5182 potestati
1701 5111 1793 5166 Hart-

78 5221 156 5275 manni
176 5220 299 5278 abbatis
323 5220 541 5288 Gottvicensis,
566 5219 643 5276 unde
666 5222 752 5296 primi
777 5222 914 5278 monachi
939 5236 1092 5289 venerant,
1118 5225 1308 5278 commissum
1333 5234 1387 5277 est.
1419 5220 1563 5295 Pangerl,
1592 5218 1718 5278 Studien
1742 5242 1794 5277 zur

78 5324 240 5391 Gtschichte
265 5333 321 5390 des
345 5334 486 5389 KIosters
509 5331 554 5390 St.
578 5334 762 5409 Lamprecht
785 5336 814 5389 in
838 5332 1034 5390 Steiermark.

184 5443 220 5524 ¹¹)
234 5443 450 5521 Oberburgum
470 5448 499 5501 in
511 5447 588 5502 valle
599 5445 681 5503 Saan
694 5444 806 5503 8111101
822 5447 861 5505 ab
875 5447 1039 5523 Deitpoldo
1056 5445 1147 5503 nobili
1165 5447 1202 5503 de
1216 5446 1323 5520 Khaag
1339 5459 1420 5518 1140
1433 5447 1553 5501 circiter
1566 5445 1718 5502 conditum
1734 5459 1792 5502 est.
