<?xml version="1.0" encoding="UTF-8"?>
<!DOCTYPE html PUBLIC "-//W3C//DTD XHTML 1.0 Transitional//EN"
    "http://www.w3.org/TR/xhtml1/DTD/xhtml1-transitional.dtd">
<html xmlns="http://www.w3.org/1999/xhtml" xml:lang="en" lang="en">
 <head>
  <title>
</title>
<meta http-equiv="Content-Type" content="text/html;charset=utf-8" />
  <meta name='ocr-system' content='tesseract 3.04.00' />
  <meta name='ocr-capabilities' content='ocr_page ocr_carea ocr_par ocr_line ocrx_word'/>
</head>
<body>
  <div class='ocr_page' id='page_1' title='image "./scriptoresordin00benegoog_0069.png"; bbox 0 0 4088 6270; ppageno 0'>
   <div class='ocr_carea' id='block_1_1' title="bbox 1026 491 1283 554">
    <p class='ocr_par' dir='ltr' id='par_1_1' title="bbox 1026 491 1283 554">
     <span class='ocr_line' id='line_1_1' title="bbox 1026 491 1283 554; baseline 0.004 -1"><span class='ocrx_word' id='word_1_1' title='bbox 1026 491 1283 554; x_wconf 90' lang='lat' dir='ltr'>-LVI—</span> 
     </span>
    </p>
   </div>
   <div class='ocr_carea' id='block_1_2' title="bbox 286 716 2011 1077">
    <p class='ocr_par' dir='ltr' id='par_1_2' title="bbox 286 716 2011 1077">
     <span class='ocr_line' id='line_1_2' title="bbox 417 716 2009 801; baseline 0.001 -20"><span class='ocrx_word' id='word_1_2' title='bbox 417 717 582 781; x_wconf 89' lang='lat' dir='ltr'>Omnium</span> <span class='ocrx_word' id='word_1_3' title='bbox 612 736 698 780; x_wconf 89' lang='lat' dir='ltr'>vero</span> <span class='ocrx_word' id='word_1_4' title='bbox 729 718 925 781; x_wconf 89' lang='lat' dir='ltr'>clarissima</span> <span class='ocrx_word' id='word_1_5' title='bbox 955 737 1035 780; x_wconf 91' lang='lat' dir='ltr'>cum</span> <span class='ocrx_word' id='word_1_6' title='bbox 1065 718 1209 780; x_wconf 89' lang='lat' dir='ltr'>saeculo</span> <span class='ocrx_word' id='word_1_7' title='bbox 1233 716 1317 779; x_wconf 88' lang='lat' dir='ltr'>XV.</span> <span class='ocrx_word' id='word_1_8' title='bbox 1341 725 1416 779; x_wconf 91' lang='lat' dir='ltr'>tum</span> <span class='ocrx_word' id='word_1_9' title='bbox 1449 716 1614 797; x_wconf 84' lang='lat' dir='ltr'>proxima</span> <span class='ocrx_word' id='word_1_10' title='bbox 1644 725 1764 780; x_wconf 89' lang='lat' dir='ltr'>aetate</span> <span class='ocrx_word' id='word_1_11' title='bbox 1794 717 1864 782; x_wconf 86' lang='lat' dir='ltr'>fuit</span> <span class='ocrx_word' id='word_1_12' title='bbox 1895 717 2009 801; x_wconf 85' lang='lat' dir='ltr'>„Scola</span> 
     </span>
     <span class='ocr_line' id='line_1_3' title="bbox 287 852 2011 940; baseline 0.002 -22"><span class='ocrx_word' id='word_1_13' title='bbox 287 875 314 920; x_wconf 84' lang='lat' dir='ltr'>S.</span> <span class='ocrx_word' id='word_1_14' title='bbox 339 855 438 916; x_wconf 92' lang='lat' dir='ltr'>Petri</span> <span class='ocrx_word' id='word_1_15' title='bbox 462 852 781 937; x_wconf 83' lang='lat' dir='ltr'>Salisburgensis“,</span> <span class='ocrx_word' id='word_1_16' title='bbox 804 856 840 918; x_wconf 90' lang='lat' dir='ltr'>in</span> <span class='ocrx_word' id='word_1_17' title='bbox 864 875 935 937; x_wconf 92' lang='lat' dir='ltr'>qua</span> <span class='ocrx_word' id='word_1_18' title='bbox 958 874 1029 917; x_wconf 91' lang='lat' dir='ltr'>non</span> <span class='ocrx_word' id='word_1_19' title='bbox 1053 855 1165 917; x_wconf 91' lang='lat' dir='ltr'>solum</span> <span class='ocrx_word' id='word_1_20' title='bbox 1191 853 1422 938; x_wconf 78' lang='lat' dir='ltr'>,Principia“,</span> <span class='ocrx_word' id='word_1_21' title='bbox 1454 855 1519 917; x_wconf 93' lang='lat' dir='ltr'>sed</span> <span class='ocrx_word' id='word_1_22' title='bbox 1542 853 1650 917; x_wconf 89' lang='lat' dir='ltr'>etiam</span> <span class='ocrx_word' id='word_1_23' title='bbox 1675 865 1835 940; x_wconf 87' lang='lat' dir='ltr'>,septem</span> <span class='ocrx_word' id='word_1_24' title='bbox 1860 856 2011 921; x_wconf 87' lang='lat' dir='ltr'>liberales</span> 
     </span>
     <span class='ocr_line' id='line_1_4' title="bbox 286 992 2010 1077; baseline 0.001 -21"><span class='ocrx_word' id='word_1_25' title='bbox 286 992 403 1057; x_wconf 81' lang='lat' dir='ltr'>artes“</span> <span class='ocrx_word' id='word_1_26' title='bbox 429 994 659 1056; x_wconf 85' lang='lat' dir='ltr'><strong>docebantur.</strong></span> <span class='ocrx_word' id='word_1_27' title='bbox 691 993 867 1075; x_wconf 90' lang='lat' dir='ltr'><strong>Imprimis</strong></span> <span class='ocrx_word' id='word_1_28' title='bbox 890 995 1023 1056; x_wconf 85' lang='lat' dir='ltr'>abbate</span> <span class='ocrx_word' id='word_1_29' title='bbox 1039 993 1148 1055; x_wconf 91' lang='lat' dir='ltr'>Petro</span> <span class='ocrx_word' id='word_1_30' title='bbox 1173 992 1412 1075; x_wconf 81' lang='lat'>(1436-1466)</span> <span class='ocrx_word' id='word_1_31' title='bbox 1436 992 1582 1055; x_wconf 88' lang='lat' dir='ltr'>scholae</span> <span class='ocrx_word' id='word_1_32' title='bbox 1604 993 1829 1076; x_wconf 82' lang='lat' dir='ltr'>theologicae</span> <span class='ocrx_word' id='word_1_33' title='bbox 1854 1003 1892 1057; x_wconf 89' lang='lat' dir='ltr'>et</span> <span class='ocrx_word' id='word_1_34' title='bbox 1911 996 2010 1077; x_wconf 92' lang='lat' dir='ltr'>philo·</span> 
     </span>
    </p>
   </div>
   <div class='ocr_carea' id='block_1_3' title="bbox 287 1129 2009 1214">
    <p class='ocr_par' dir='ltr' id='par_1_3' title="bbox 287 1129 2009 1214">
     <span class='ocr_line' id='line_1_5' title="bbox 287 1129 2009 1214; baseline 0.002 -21"><span class='ocrx_word' id='word_1_35' title='bbox 287 1131 456 1212; x_wconf 88' lang='lat' dir='ltr'>sophicae</span> <span class='ocrx_word' id='word_1_36' title='bbox 486 1132 726 1213; x_wconf 87' lang='lat' dir='ltr'>habebantur,</span> <span class='ocrx_word' id='word_1_37' title='bbox 760 1132 794 1194; x_wconf 91' lang='lat' dir='ltr'>in</span> <span class='ocrx_word' id='word_1_38' title='bbox 826 1131 956 1212; x_wconf 90' lang='lat' dir='ltr'>quibus</span> <span class='ocrx_word' id='word_1_39' title='bbox 985 1130 1164 1211; x_wconf 86' lang='lat' dir='ltr'>Platonis,</span> <span class='ocrx_word' id='word_1_40' title='bbox 1196 1129 1397 1212; x_wconf 91' lang='lat' dir='ltr'>Apollonii,</span> <span class='ocrx_word' id='word_1_41' title='bbox 1427 1129 1659 1213; x_wconf 82' lang='lat' dir='ltr'>Pythagorae</span> <span class='ocrx_word' id='word_1_42' title='bbox 1694 1130 1831 1214; x_wconf 88' lang='lat' dir='ltr'>scripta</span> <span class='ocrx_word' id='word_1_43' title='bbox 1865 1134 2009 1214; x_wconf 84' lang='lat' dir='ltr'>explica·</span> 
     </span>
    </p>
   </div>
   <div class='ocr_carea' id='block_1_4' title="bbox 286 1252 2013 1351">
    <p class='ocr_par' dir='ltr' id='par_1_4' title="bbox 286 1252 2013 1351">
     <span class='ocr_line' id='line_1_6' title="bbox 286 1252 2013 1351; baseline 0.003 -20"><span class='ocrx_word' id='word_1_44' title='bbox 286 1272 426 1332; x_wconf 87' lang='lat' dir='ltr'>bantur.</span> <span class='ocrx_word' id='word_1_45' title='bbox 464 1252 684 1333; x_wconf 85' lang='lat' dir='ltr'>&#39;Accedebat</span> <span class='ocrx_word' id='word_1_46' title='bbox 707 1280 869 1333; x_wconf 85' lang='lat' dir='ltr'>extremo</span> <span class='ocrx_word' id='word_1_47' title='bbox 892 1270 1035 1332; x_wconf 93' lang='lat' dir='ltr'>saeculo</span> <span class='ocrx_word' id='word_1_48' title='bbox 1059 1267 1143 1333; x_wconf 87' lang='lat' dir='ltr'>XV.</span> <span class='ocrx_word' id='word_1_49' title='bbox 1168 1269 1252 1331; x_wconf 90' lang='lat' dir='ltr'>iuris</span> <span class='ocrx_word' id='word_1_50' title='bbox 1276 1268 1481 1351; x_wconf 83' lang='lat' dir='ltr'>disciplina,</span> <span class='ocrx_word' id='word_1_51' title='bbox 1513 1269 1549 1331; x_wconf 91' lang='lat' dir='ltr'>in</span> <span class='ocrx_word' id='word_1_52' title='bbox 1579 1289 1652 1350; x_wconf 89' lang='lat' dir='ltr'>qua</span> <span class='ocrx_word' id='word_1_53' title='bbox 1673 1269 1732 1334; x_wconf 91' lang='lat' dir='ltr'>Fr.</span> <span class='ocrx_word' id='word_1_54' title='bbox 1756 1267 1961 1351; x_wconf 88' lang='lat' dir='ltr'>Simplicius</span> <span class='ocrx_word' id='word_1_55' title='bbox 1985 1283 2013 1336; x_wconf 90' lang='lat' dir='ltr'>et</span> 
     </span>
    </p>
   </div>
   <div class='ocr_carea' id='block_1_5' title="bbox 285 1406 2021 2874">
    <p class='ocr_par' dir='ltr' id='par_1_5' title="bbox 286 1406 2015 2043">
     <span class='ocr_line' id='line_1_7' title="bbox 287 1406 2013 1491; baseline 0.002 -22"><span class='ocrx_word' id='word_1_56' title='bbox 287 1407 345 1470; x_wconf 89' lang='lat' dir='ltr'>Fr.</span> <span class='ocrx_word' id='word_1_57' title='bbox 369 1407 550 1471; x_wconf 89' lang='lat' dir='ltr'>Chilianus</span> <span class='ocrx_word' id='word_1_58' title='bbox 573 1408 774 1471; x_wconf 89' lang='lat' dir='ltr'>Dietricher</span> <span class='ocrx_word' id='word_1_59' title='bbox 797 1408 1008 1471; x_wconf 86' lang='lat' dir='ltr'>enituerunt.</span> <span class='ocrx_word' id='word_1_60' title='bbox 1055 1406 1187 1472; x_wconf 92' lang='lat' dir='ltr'>Schola</span> <span class='ocrx_word' id='word_1_61' title='bbox 1209 1417 1378 1490; x_wconf 90' lang='lat' dir='ltr'>separata</span> <span class='ocrx_word' id='word_1_62' title='bbox 1401 1418 1477 1470; x_wconf 92' lang='lat' dir='ltr'>erat</span> <span class='ocrx_word' id='word_1_63' title='bbox 1500 1427 1522 1469; x_wconf 89' lang='lat' dir='ltr'>a</span> <span class='ocrx_word' id='word_1_64' title='bbox 1545 1407 1761 1470; x_wconf 89' lang='lat' dir='ltr'>monasterio</span> <span class='ocrx_word' id='word_1_65' title='bbox 1791 1408 1897 1490; x_wconf 90' lang='lat' dir='ltr'>eique</span> <span class='ocrx_word' id='word_1_66' title='bbox 1925 1429 2013 1491; x_wconf 89' lang='lat' dir='ltr'>prae·</span> 
     </span>
     <span class='ocr_line' id='line_1_8' title="bbox 292 1545 2013 1628; baseline 0.002 -19"><span class='ocrx_word' id='word_1_67' title='bbox 292 1558 369 1609; x_wconf 91' lang='lat' dir='ltr'>erat</span> <span class='ocrx_word' id='word_1_68' title='bbox 390 1558 518 1628; x_wconf 91' lang='lat' dir='ltr'>rector,</span> <span class='ocrx_word' id='word_1_69' title='bbox 542 1545 604 1628; x_wconf 91' lang='lat' dir='ltr'>qui</span> <span class='ocrx_word' id='word_1_70' title='bbox 626 1545 662 1608; x_wconf 93' lang='lat' dir='ltr'>in</span> <span class='ocrx_word' id='word_1_71' title='bbox 686 1545 825 1609; x_wconf 88' lang='lat' dir='ltr'>interna</span> <span class='ocrx_word' id='word_1_72' title='bbox 848 1557 885 1609; x_wconf 89' lang='lat' dir='ltr'>et</span> <span class='ocrx_word' id='word_1_73' title='bbox 907 1547 942 1609; x_wconf 91' lang='lat' dir='ltr'>in</span> <span class='ocrx_word' id='word_1_74' title='bbox 966 1546 1210 1628; x_wconf 89' lang='lat' dir='ltr'>superioribus</span> <span class='ocrx_word' id='word_1_75' title='bbox 1226 1546 1402 1609; x_wconf 91' lang='lat' dir='ltr'>classibus</span> <span class='ocrx_word' id='word_1_76' title='bbox 1418 1556 1589 1609; x_wconf 88' lang='lat' dir='ltr'>externae</span> <span class='ocrx_word' id='word_1_77' title='bbox 1613 1546 1757 1609; x_wconf 91' lang='lat' dir='ltr'>scholae</span> <span class='ocrx_word' id='word_1_78' title='bbox 1781 1547 1937 1611; x_wconf 90' lang='lat' dir='ltr'>docebat</span> <span class='ocrx_word' id='word_1_79' title='bbox 1959 1569 2013 1612; x_wconf 90' lang='lat' dir='ltr'>nec</span> 
     </span>
     <span class='ocr_line' id='line_1_9' title="bbox 286 1684 2014 1768; baseline 0.002 -20"><span class='ocrx_word' id='word_1_80' title='bbox 286 1685 353 1748; x_wconf 89' lang='lat' dir='ltr'>nisi</span> <span class='ocrx_word' id='word_1_81' title='bbox 378 1685 502 1748; x_wconf 93' lang='lat' dir='ltr'>abbati</span> <span class='ocrx_word' id='word_1_82' title='bbox 524 1686 699 1747; x_wconf 89' lang='lat' dir='ltr'>rationem</span> <span class='ocrx_word' id='word_1_83' title='bbox 722 1686 906 1748; x_wconf 88' lang='lat' dir='ltr'>reddebat.</span> <span class='ocrx_word' id='word_1_84' title='bbox 938 1685 980 1747; x_wconf 93' lang='lat' dir='ltr'>Ei</span> <span class='ocrx_word' id='word_1_85' title='bbox 1003 1684 1162 1748; x_wconf 88' lang='lat' dir='ltr'>adiuncti</span> <span class='ocrx_word' id='word_1_86' title='bbox 1186 1694 1287 1747; x_wconf 89' lang='lat' dir='ltr'>erant</span> <span class='ocrx_word' id='word_1_87' title='bbox 1310 1693 1564 1766; x_wconf 87' lang='lat' dir='ltr'>praeceptores</span> <span class='ocrx_word' id='word_1_88' title='bbox 1589 1686 1647 1748; x_wconf 93' lang='lat' dir='ltr'>vel</span> <span class='ocrx_word' id='word_1_89' title='bbox 1671 1686 1868 1768; x_wconf 86' lang='lat' dir='ltr'>adstantes,</span> <span class='ocrx_word' id='word_1_90' title='bbox 1892 1698 2014 1768; x_wconf 88' lang='lat' dir='ltr'>cantor,</span> 
     </span>
     <span class='ocr_line' id='line_1_10' title="bbox 287 1798 2015 1906; baseline 0.002 -22"><span class='ocrx_word' id='word_1_91' title='bbox 287 1821 348 1904; x_wconf 91' lang='lat' dir='ltr'>qui</span> <span class='ocrx_word' id='word_1_92' title='bbox 371 1835 484 1886; x_wconf 89' lang='lat' dir='ltr'>artem</span> <span class='ocrx_word' id='word_1_93' title='bbox 507 1798 678 1885; x_wconf 84' lang='lat' dir='ltr'>musicam</span> <span class='ocrx_word' id='word_1_94' title='bbox 702 1825 865 1904; x_wconf 90' lang='lat' dir='ltr'>docebat,</span> <span class='ocrx_word' id='word_1_95' title='bbox 897 1824 1045 1905; x_wconf 88' lang='lat' dir='ltr'>locatus,</span> <span class='ocrx_word' id='word_1_96' title='bbox 1077 1823 1136 1905; x_wconf 93' lang='lat' dir='ltr'>qui</span> <span class='ocrx_word' id='word_1_97' title='bbox 1160 1841 1350 1904; x_wconf 90' lang='lat' dir='ltr'>puerorum</span> <span class='ocrx_word' id='word_1_98' title='bbox 1373 1821 1553 1886; x_wconf 87' lang='lat' dir='ltr'>convictui</span> <span class='ocrx_word' id='word_1_99' title='bbox 1577 1832 1753 1904; x_wconf 91' lang='lat' dir='ltr'>praeerat.</span> <span class='ocrx_word' id='word_1_100' title='bbox 1799 1823 2015 1906; x_wconf 87' lang='lat' dir='ltr'>Incipiebant</span> 
     </span>
     <span class='ocr_line' id='line_1_11' title="bbox 288 1960 1527 2043; baseline -0.002 -19"><span class='ocrx_word' id='word_1_101' title='bbox 288 1962 431 2024; x_wconf 90' lang='lat' dir='ltr'>scholae</span> <span class='ocrx_word' id='word_1_102' title='bbox 455 1970 615 2043; x_wconf 88' lang='lat' dir='ltr'>tempore</span> <span class='ocrx_word' id='word_1_103' title='bbox 639 1961 778 2023; x_wconf 89' lang='lat' dir='ltr'>aestivo</span> <span class='ocrx_word' id='word_1_104' title='bbox 801 1981 904 2024; x_wconf 90' lang='lat' dir='ltr'>mane</span> <span class='ocrx_word' id='word_1_105' title='bbox 929 1961 1062 2043; x_wconf 91' lang='lat' dir='ltr'>quinta,</span> <span class='ocrx_word' id='word_1_106' title='bbox 1085 1960 1235 2024; x_wconf 91' lang='lat' dir='ltr'>hiberno</span> <span class='ocrx_word' id='word_1_107' title='bbox 1259 1970 1364 2023; x_wconf 87' lang='lat' dir='ltr'>sexta</span> <span class='ocrx_word' id='word_1_108' title='bbox 1385 1962 1527 2041; x_wconf 82' lang='lat' dir='ltr'>hora1).</span> 
     </span>
    </p>

    <p class='ocr_par' dir='ltr' id='par_1_6' title="bbox 287 2099 2017 2319">
     <span class='ocr_line' id='line_1_12' title="bbox 418 2099 2017 2164; baseline 0.001 -3"><span class='ocrx_word' id='word_1_109' title='bbox 418 2099 534 2162; x_wconf 89' lang='lat' dir='ltr'>Etiam</span> <span class='ocrx_word' id='word_1_110' title='bbox 558 2099 741 2162; x_wconf 90' lang='lat' dir='ltr'>Admontii</span> <span class='ocrx_word' id='word_1_111' title='bbox 765 2109 801 2162; x_wconf 93' lang='lat' dir='ltr'>et</span> <span class='ocrx_word' id='word_1_112' title='bbox 824 2119 852 2164; x_wconf 90' lang='lat' dir='ltr'>s.</span> <span class='ocrx_word' id='word_1_113' title='bbox 876 2100 979 2161; x_wconf 88' lang='lat' dir='ltr'>Pauli</span> <span class='ocrx_word' id='word_1_114' title='bbox 1002 2099 1164 2162; x_wconf 92' lang='lat' dir='ltr'>monachi</span> <span class='ocrx_word' id='word_1_115' title='bbox 1189 2100 1233 2161; x_wconf 94' lang='lat' dir='ltr'>de</span> <span class='ocrx_word' id='word_1_116' title='bbox 1256 2102 1365 2162; x_wconf 90' lang='lat' dir='ltr'>rebus</span> <span class='ocrx_word' id='word_1_117' title='bbox 1388 2099 1612 2163; x_wconf 87' lang='lat' dir='ltr'>scholasticis</span> <span class='ocrx_word' id='word_1_118' title='bbox 1642 2101 1735 2162; x_wconf 88' lang='lat' dir='ltr'>bene</span> <span class='ocrx_word' id='word_1_119' title='bbox 1765 2099 1883 2162; x_wconf 91' lang='lat' dir='ltr'>meriti</span> <span class='ocrx_word' id='word_1_120' title='bbox 1915 2111 2017 2163; x_wconf 86' lang='lat' dir='ltr'>erant.</span> 
     </span>
     <span class='ocr_line' id='line_1_13' title="bbox 287 2236 1215 2319; baseline -0.001 -18"><span class='ocrx_word' id='word_1_121' title='bbox 287 2236 323 2301; x_wconf 88' lang='lat' dir='ltr'>S.</span> <span class='ocrx_word' id='word_1_122' title='bbox 348 2238 450 2300; x_wconf 90' lang='lat' dir='ltr'>Pauli</span> <span class='ocrx_word' id='word_1_123' title='bbox 474 2237 659 2301; x_wconf 92' lang='lat' dir='ltr'>convictus</span> <span class='ocrx_word' id='word_1_124' title='bbox 683 2249 761 2300; x_wconf 88' lang='lat' dir='ltr'>erat</span> <span class='ocrx_word' id='word_1_125' title='bbox 783 2256 974 2319; x_wconf 90' lang='lat' dir='ltr'>puerorum</span> <span class='ocrx_word' id='word_1_126' title='bbox 997 2237 1166 2300; x_wconf 90' lang='lat' dir='ltr'>nobilium</span> <span class='ocrx_word' id='word_1_127' title='bbox 1181 2239 1215 2317; x_wconf 82' lang='lat'>²).</span> 
     </span>
    </p>

    <p class='ocr_par' dir='ltr' id='par_1_7' title="bbox 285 2375 2021 2874">
     <span class='ocr_line' id='line_1_14' title="bbox 418 2375 2020 2459; baseline -0.001 -20"><span class='ocrx_word' id='word_1_128' title='bbox 418 2376 467 2439; x_wconf 93' lang='lat' dir='ltr'>Ut</span> <span class='ocrx_word' id='word_1_129' title='bbox 491 2376 526 2439; x_wconf 91' lang='lat' dir='ltr'>in</span> <span class='ocrx_word' id='word_1_130' title='bbox 550 2376 690 2458; x_wconf 90' lang='lat' dir='ltr'>Alpicis</span> <span class='ocrx_word' id='word_1_131' title='bbox 713 2376 858 2458; x_wconf 90' lang='lat' dir='ltr'>Imperii</span> <span class='ocrx_word' id='word_1_132' title='bbox 883 2376 1064 2441; x_wconf 89' lang='lat' dir='ltr'>Austriaci</span> <span class='ocrx_word' id='word_1_133' title='bbox 1087 2376 1303 2459; x_wconf 85' lang='lat' dir='ltr'>regionibus,</span> <span class='ocrx_word' id='word_1_134' title='bbox 1328 2376 1378 2438; x_wconf 91' lang='lat' dir='ltr'>ita</span> <span class='ocrx_word' id='word_1_135' title='bbox 1401 2386 1437 2439; x_wconf 90' lang='lat' dir='ltr'>et</span> <span class='ocrx_word' id='word_1_136' title='bbox 1453 2375 1489 2438; x_wconf 90' lang='lat' dir='ltr'>in</span> <span class='ocrx_word' id='word_1_137' title='bbox 1506 2376 1687 2458; x_wconf 89' lang='lat' dir='ltr'>Bohemia,</span> <span class='ocrx_word' id='word_1_138' title='bbox 1703 2376 1879 2457; x_wconf 88' lang='lat' dir='ltr'>Moravia,</span> <span class='ocrx_word' id='word_1_139' title='bbox 1897 2375 2020 2441; x_wconf 89' lang='lat' dir='ltr'>Silesia</span> 
     </span>
     <span class='ocr_line' id='line_1_15' title="bbox 285 2512 2019 2597; baseline 0.001 -21"><span class='ocrx_word' id='word_1_140' title='bbox 285 2513 462 2577; x_wconf 88' lang='lat' dir='ltr'>florebant</span> <span class='ocrx_word' id='word_1_141' title='bbox 485 2534 542 2577; x_wconf 90' lang='lat' dir='ltr'>res</span> <span class='ocrx_word' id='word_1_142' title='bbox 566 2515 801 2578; x_wconf 91' lang='lat' dir='ltr'>scholasticae</span> <span class='ocrx_word' id='word_1_143' title='bbox 825 2526 933 2596; x_wconf 88' lang='lat' dir='ltr'>atque</span> <span class='ocrx_word' id='word_1_144' title='bbox 956 2514 1106 2597; x_wconf 85' lang='lat' dir='ltr'>insignis</span> <span class='ocrx_word' id='word_1_145' title='bbox 1129 2523 1207 2577; x_wconf 89' lang='lat' dir='ltr'>erat</span> <span class='ocrx_word' id='word_1_146' title='bbox 1223 2513 1536 2576; x_wconf 90' lang='lat' dir='ltr'>Benedictinorum</span> <span class='ocrx_word' id='word_1_147' title='bbox 1557 2532 1677 2595; x_wconf 90' lang='lat' dir='ltr'>opera.</span> <span class='ocrx_word' id='word_1_148' title='bbox 1709 2512 1818 2576; x_wconf 92' lang='lat' dir='ltr'>Cuius</span> <span class='ocrx_word' id='word_1_149' title='bbox 1834 2515 1887 2577; x_wconf 92' lang='lat' dir='ltr'>rei</span> <span class='ocrx_word' id='word_1_150' title='bbox 1904 2535 2019 2596; x_wconf 88' lang='lat' dir='ltr'>quam·</span> 
     </span>
     <span class='ocr_line' id='line_1_16' title="bbox 287 2651 2021 2735; baseline 0.001 -20"><span class='ocrx_word' id='word_1_151' title='bbox 287 2673 393 2734; x_wconf 92' lang='lat' dir='ltr'>quam</span> <span class='ocrx_word' id='word_1_152' title='bbox 423 2655 520 2717; x_wconf 90' lang='lat' dir='ltr'>nulla</span> <span class='ocrx_word' id='word_1_153' title='bbox 549 2653 745 2717; x_wconf 90' lang='lat' dir='ltr'>litterarum</span> <span class='ocrx_word' id='word_1_154' title='bbox 777 2654 980 2717; x_wconf 89' lang='lat' dir='ltr'>testimonia</span> <span class='ocrx_word' id='word_1_155' title='bbox 1010 2654 1077 2715; x_wconf 92' lang='lat' dir='ltr'>nisi</span> <span class='ocrx_word' id='word_1_156' title='bbox 1108 2653 1259 2715; x_wconf 85' lang='lat' dir='ltr'>extremi</span> <span class='ocrx_word' id='word_1_157' title='bbox 1292 2655 1433 2715; x_wconf 89' lang='lat' dir='ltr'>demum</span> <span class='ocrx_word' id='word_1_158' title='bbox 1463 2652 1597 2714; x_wconf 91' lang='lat' dir='ltr'>saeculi</span> <span class='ocrx_word' id='word_1_159' title='bbox 1629 2651 1731 2716; x_wconf 90' lang='lat' dir='ltr'>XIII.</span> <span class='ocrx_word' id='word_1_160' title='bbox 1764 2651 1883 2716; x_wconf 87' lang='lat' dir='ltr'>afferri</span> <span class='ocrx_word' id='word_1_161' title='bbox 1920 2673 2021 2735; x_wconf 89' lang='lat' dir='ltr'>posse</span> 
     </span>
     <span class='ocr_line' id='line_1_17' title="bbox 288 2791 2020 2874; baseline 0.001 -20"><span class='ocrx_word' id='word_1_162' title='bbox 288 2793 463 2874; x_wconf 89' lang='lat' dir='ltr'>videntur,</span> <span class='ocrx_word' id='word_1_163' title='bbox 487 2803 607 2856; x_wconf 88' lang='lat' dir='ltr'>tamen</span> <span class='ocrx_word' id='word_1_164' title='bbox 631 2793 700 2855; x_wconf 88' lang='lat' dir='ltr'>alia</span> <span class='ocrx_word' id='word_1_165' title='bbox 723 2793 833 2855; x_wconf 92' lang='lat' dir='ltr'>multa</span> <span class='ocrx_word' id='word_1_166' title='bbox 857 2802 893 2854; x_wconf 90' lang='lat' dir='ltr'>et</span> <span class='ocrx_word' id='word_1_167' title='bbox 916 2811 1047 2874; x_wconf 85' lang='lat' dir='ltr'>magna</span> <span class='ocrx_word' id='word_1_168' title='bbox 1070 2802 1153 2854; x_wconf 89' lang='lat' dir='ltr'>sunt</span> <span class='ocrx_word' id='word_1_169' title='bbox 1169 2801 1389 2874; x_wconf 89' lang='lat' dir='ltr'>argumenta,</span> <span class='ocrx_word' id='word_1_170' title='bbox 1407 2792 1536 2872; x_wconf 91' lang='lat' dir='ltr'>quibus</span> <span class='ocrx_word' id='word_1_171' title='bbox 1552 2791 1696 2853; x_wconf 89' lang='lat' dir='ltr'>tollatur</span> <span class='ocrx_word' id='word_1_172' title='bbox 1711 2791 1900 2855; x_wconf 78' lang='lat' dir='ltr'>dubitatio,</span> <span class='ocrx_word' id='word_1_173' title='bbox 1939 2792 2020 2856; x_wconf 90' lang='lat' dir='ltr'>Cum</span> 
     </span>
    </p>
   </div>
   <div class='ocr_carea' id='block_1_6' title="bbox 287 2929 2021 3011">
    <p class='ocr_par' dir='ltr' id='par_1_8' title="bbox 287 2929 2021 3011">
     <span class='ocr_line' id='line_1_18' title="bbox 287 2929 2021 3011; baseline -0.002 -17"><span class='ocrx_word' id='word_1_174' title='bbox 287 2931 380 2994; x_wconf 90' lang='lat' dir='ltr'>enim</span> <span class='ocrx_word' id='word_1_175' title='bbox 404 2949 526 2993; x_wconf 90' lang='lat' dir='ltr'>omnes</span> <span class='ocrx_word' id='word_1_176' title='bbox 550 2933 596 2992; x_wconf 94' lang='lat' dir='ltr'>ab</span> <span class='ocrx_word' id='word_1_177' title='bbox 617 2930 863 3011; x_wconf 91' lang='lat' dir='ltr'>antiquissimo</span> <span class='ocrx_word' id='word_1_178' title='bbox 879 2938 1040 3011; x_wconf 90' lang='lat' dir='ltr'>tempore</span> <span class='ocrx_word' id='word_1_179' title='bbox 1056 2930 1281 2992; x_wconf 88' lang='lat' dir='ltr'>Benedictini</span> <span class='ocrx_word' id='word_1_180' title='bbox 1297 2949 1471 2991; x_wconf 89' lang='lat' dir='ltr'>summum</span> <span class='ocrx_word' id='word_1_181' title='bbox 1488 2936 1663 3009; x_wconf 89' lang='lat' dir='ltr'>ponerent</span> <span class='ocrx_word' id='word_1_182' title='bbox 1678 2929 1835 2992; x_wconf 91' lang='lat' dir='ltr'>studium</span> <span class='ocrx_word' id='word_1_183' title='bbox 1851 2930 1888 2992; x_wconf 89' lang='lat' dir='ltr'>in</span> <span class='ocrx_word' id='word_1_184' title='bbox 1904 2931 2021 3011; x_wconf 87' lang='lat' dir='ltr'>pueris</span> 
     </span>
    </p>
   </div>
   <div class='ocr_carea' id='block_1_7' title="bbox 192 3067 2022 3150">
    <p class='ocr_par' dir='ltr' id='par_1_9' title="bbox 192 3067 2022 3150">
     <span class='ocr_line' id='line_1_19' title="bbox 192 3067 2022 3150; baseline 0.001 -17"><span class='ocrx_word' id='word_1_185' title='bbox 192 3120 194 3125; x_wconf 86' lang='lat'>.</span> <span class='ocrx_word' id='word_1_186' title='bbox 288 3069 483 3133; x_wconf 90' lang='lat' dir='ltr'>educandis</span> <span class='ocrx_word' id='word_1_187' title='bbox 506 3079 542 3130; x_wconf 88' lang='lat' dir='ltr'>et</span> <span class='ocrx_word' id='word_1_188' title='bbox 566 3068 779 3148; x_wconf 91' lang='lat' dir='ltr'>erudiendis,</span> <span class='ocrx_word' id='word_1_189' title='bbox 803 3077 877 3130; x_wconf 91' lang='lat' dir='ltr'>tum</span> <span class='ocrx_word' id='word_1_190' title='bbox 900 3088 1035 3130; x_wconf 90' lang='lat' dir='ltr'>veros.</span> <span class='ocrx_word' id='word_1_191' title='bbox 1059 3069 1290 3150; x_wconf 90' lang='lat' dir='ltr'>Adalbertus,</span> <span class='ocrx_word' id='word_1_192' title='bbox 1314 3068 1375 3149; x_wconf 91' lang='lat' dir='ltr'>qui</span> <span class='ocrx_word' id='word_1_193' title='bbox 1399 3067 1711 3131; x_wconf 87' lang='lat' dir='ltr'>Benedictinosin</span> <span class='ocrx_word' id='word_1_194' title='bbox 1736 3068 1947 3133; x_wconf 90' lang='lat' dir='ltr'>Bohemiam</span> <span class='ocrx_word' id='word_1_195' title='bbox 1975 3072 2022 3134; x_wconf 88' lang='lat' dir='ltr'>in-</span> 
     </span>
    </p>
   </div>
   <div class='ocr_carea' id='block_1_8' title="bbox 285 3206 2038 4671">
    <p class='ocr_par' dir='ltr' id='par_1_10' title="bbox 286 3206 2022 4118">
     <span class='ocr_line' id='line_1_20' title="bbox 287 3206 2020 3289; baseline 0.002 -20"><span class='ocrx_word' id='word_1_196' title='bbox 287 3207 456 3287; x_wconf 86' lang='lat' dir='ltr'>troduxit,</span> <span class='ocrx_word' id='word_1_197' title='bbox 480 3207 516 3268; x_wconf 94' lang='lat' dir='ltr'>id</span> <span class='ocrx_word' id='word_1_198' title='bbox 541 3206 625 3288; x_wconf 89' lang='lat' dir='ltr'>egit,</span> <span class='ocrx_word' id='word_1_199' title='bbox 650 3216 689 3268; x_wconf 93' lang='lat' dir='ltr'>ut</span> <span class='ocrx_word' id='word_1_200' title='bbox 713 3206 843 3269; x_wconf 90' lang='lat' dir='ltr'>scholis</span> <span class='ocrx_word' id='word_1_201' title='bbox 867 3206 1069 3286; x_wconf 91' lang='lat' dir='ltr'>aperiendis</span> <span class='ocrx_word' id='word_1_202' title='bbox 1093 3216 1129 3269; x_wconf 93' lang='lat' dir='ltr'>et</span> <span class='ocrx_word' id='word_1_203' title='bbox 1153 3207 1336 3269; x_wconf 88' lang='lat' dir='ltr'>iuventute</span> <span class='ocrx_word' id='word_1_204' title='bbox 1360 3227 1382 3269; x_wconf 95' lang='lat' dir='ltr'>a</span> <span class='ocrx_word' id='word_1_205' title='bbox 1405 3207 1537 3269; x_wconf 89' lang='lat' dir='ltr'>teneris</span> <span class='ocrx_word' id='word_1_206' title='bbox 1565 3207 1667 3268; x_wconf 90' lang='lat' dir='ltr'>annis</span> <span class='ocrx_word' id='word_1_207' title='bbox 1694 3208 1902 3289; x_wconf 89' lang='lat' dir='ltr'>praeceptis</span> <span class='ocrx_word' id='word_1_208' title='bbox 1925 3209 2020 3272; x_wconf 90' lang='lat' dir='ltr'>Chri·</span> 
     </span>
     <span class='ocr_line' id='line_1_21' title="bbox 287 3343 2022 3430; baseline 0.002 -24"><span class='ocrx_word' id='word_1_209' title='bbox 287 3344 412 3408; x_wconf 90' lang='lat' dir='ltr'>stianis</span> <span class='ocrx_word' id='word_1_210' title='bbox 425 3343 615 3407; x_wconf 88' lang='lat' dir='ltr'>imbuenda</span> <span class='ocrx_word' id='word_1_211' title='bbox 627 3343 663 3406; x_wconf 92' lang='lat' dir='ltr'>in</span> <span class='ocrx_word' id='word_1_212' title='bbox 676 3344 818 3407; x_wconf 91' lang='lat' dir='ltr'>natione</span> <span class='ocrx_word' id='word_1_213' title='bbox 831 3344 1083 3424; x_wconf 85' lang='lat' dir='ltr'>semibarbara,</span> <span class='ocrx_word' id='word_1_214' title='bbox 1097 3364 1189 3425; x_wconf 88' lang='lat' dir='ltr'>quae</span> <span class='ocrx_word' id='word_1_215' title='bbox 1202 3343 1438 3407; x_wconf 89' lang='lat' dir='ltr'>Christianam</span> <span class='ocrx_word' id='word_1_216' title='bbox 1454 3343 1664 3426; x_wconf 89' lang='lat' dir='ltr'>religionem</span> <span class='ocrx_word' id='word_1_217' title='bbox 1680 3345 1849 3426; x_wconf 88' lang='lat' dir='ltr'>amplexa</span> <span class='ocrx_word' id='word_1_218' title='bbox 1862 3366 2022 3430; x_wconf 87' lang='lat' dir='ltr'>paganos</span> 
     </span>
     <span class='ocr_line' id='line_1_22' title="bbox 286 3481 2019 3567; baseline 0.001 -22"><span class='ocrx_word' id='word_1_219' title='bbox 286 3484 375 3546; x_wconf 92' lang='lat' dir='ltr'>ritus</span> <span class='ocrx_word' id='word_1_220' title='bbox 398 3484 508 3545; x_wconf 88' lang='lat' dir='ltr'>nollet</span> <span class='ocrx_word' id='word_1_221' title='bbox 531 3483 720 3563; x_wconf 88' lang='lat' dir='ltr'>dimittere,</span> <span class='ocrx_word' id='word_1_222' title='bbox 739 3482 974 3545; x_wconf 84' lang='lat' dir='ltr'>Christianam</span> <span class='ocrx_word' id='word_1_223' title='bbox 992 3483 1101 3545; x_wconf 91' lang='lat' dir='ltr'>vitam</span> <span class='ocrx_word' id='word_1_224' title='bbox 1124 3482 1291 3545; x_wconf 87' lang='lat' dir='ltr'>fundaret</span> <span class='ocrx_word' id='word_1_225' title='bbox 1307 3493 1415 3563; x_wconf 91' lang='lat' dir='ltr'>atque</span> <span class='ocrx_word' id='word_1_226' title='bbox 1432 3481 1608 3544; x_wconf 91' lang='lat' dir='ltr'>stabiliret</span> <span class='ocrx_word' id='word_1_227' title='bbox 1618 3484 1652 3561; x_wconf 84' lang='lat'>³).</span> <span class='ocrx_word' id='word_1_228' title='bbox 1692 3482 1767 3545; x_wconf 94' lang='lat' dir='ltr'>Nec</span> <span class='ocrx_word' id='word_1_229' title='bbox 1786 3484 2019 3567; x_wconf 89' lang='lat' dir='ltr'>Benedictini,</span> 
     </span>
     <span class='ocr_line' id='line_1_23' title="bbox 287 3620 2021 3706; baseline 0.003 -24"><span class='ocrx_word' id='word_1_230' title='bbox 287 3620 355 3682; x_wconf 90' lang='lat' dir='ltr'>nisi</span> <span class='ocrx_word' id='word_1_231' title='bbox 379 3621 446 3702; x_wconf 92' lang='lat' dir='ltr'>ipsi</span> <span class='ocrx_word' id='word_1_232' title='bbox 470 3621 590 3702; x_wconf 91' lang='lat' dir='ltr'>pueris</span> <span class='ocrx_word' id='word_1_233' title='bbox 614 3621 818 3683; x_wconf 90' lang='lat' dir='ltr'>erudiendis</span> <span class='ocrx_word' id='word_1_234' title='bbox 841 3621 981 3702; x_wconf 91' lang='lat' dir='ltr'>sibique</span> <span class='ocrx_word' id='word_1_235' title='bbox 1005 3621 1282 3702; x_wconf 85' lang='lat' dir='ltr'>conformandis,</span> <span class='ocrx_word' id='word_1_236' title='bbox 1311 3641 1357 3683; x_wconf 85' lang='lat' dir='ltr'>ex</span> <span class='ocrx_word' id='word_1_237' title='bbox 1385 3620 1515 3701; x_wconf 91' lang='lat' dir='ltr'>quibus</span> <span class='ocrx_word' id='word_1_238' title='bbox 1539 3620 1703 3682; x_wconf 90' lang='lat' dir='ltr'>idoneam</span> <span class='ocrx_word' id='word_1_239' title='bbox 1727 3623 1891 3685; x_wconf 91' lang='lat' dir='ltr'>subolem</span> <span class='ocrx_word' id='word_1_240' title='bbox 1914 3625 2021 3706; x_wconf 87' lang='lat' dir='ltr'>adop-</span> 
     </span>
     <span class='ocr_line' id='line_1_24' title="bbox 287 3757 2021 3845; baseline 0.002 -23"><span class='ocrx_word' id='word_1_241' title='bbox 287 3769 415 3840; x_wconf 90' lang='lat' dir='ltr'>tarent,</span> <span class='ocrx_word' id='word_1_242' title='bbox 439 3759 507 3821; x_wconf 89' lang='lat' dir='ltr'>sibi</span> <span class='ocrx_word' id='word_1_243' title='bbox 530 3759 782 3840; x_wconf 90' lang='lat' dir='ltr'>providissent,</span> <span class='ocrx_word' id='word_1_244' title='bbox 806 3779 1014 3841; x_wconf 87' lang='lat' dir='ltr'>permanere</span> <span class='ocrx_word' id='word_1_245' title='bbox 1038 3769 1214 3840; x_wconf 89' lang='lat' dir='ltr'>poterant.</span> <span class='ocrx_word' id='word_1_246' title='bbox 1254 3757 1413 3840; x_wconf 88' lang='lat' dir='ltr'>Cumque</span> <span class='ocrx_word' id='word_1_247' title='bbox 1437 3757 1684 3839; x_wconf 89' lang='lat' dir='ltr'>antiquissimo</span> <span class='ocrx_word' id='word_1_248' title='bbox 1708 3767 1871 3840; x_wconf 88' lang='lat' dir='ltr'>tempore</span> <span class='ocrx_word' id='word_1_249' title='bbox 1895 3782 2021 3845; x_wconf 83' lang='lat' dir='ltr'>magna</span> 
     </span>
     <span class='ocr_line' id='line_1_25' title="bbox 286 3896 2021 3983; baseline 0 -22"><span class='ocrx_word' id='word_1_250' title='bbox 286 3908 382 3961; x_wconf 90' lang='lat' dir='ltr'>esset</span> <span class='ocrx_word' id='word_1_251' title='bbox 406 3898 484 3960; x_wconf 89' lang='lat' dir='ltr'>istis</span> <span class='ocrx_word' id='word_1_252' title='bbox 507 3897 543 3960; x_wconf 92' lang='lat' dir='ltr'>in</span> <span class='ocrx_word' id='word_1_253' title='bbox 566 3898 773 3980; x_wconf 91' lang='lat' dir='ltr'>regionibus</span> <span class='ocrx_word' id='word_1_254' title='bbox 797 3898 917 3980; x_wconf 90' lang='lat' dir='ltr'>opinio</span> <span class='ocrx_word' id='word_1_255' title='bbox 941 3899 985 3960; x_wconf 93' lang='lat' dir='ltr'>de</span> <span class='ocrx_word' id='word_1_256' title='bbox 1001 3897 1246 3960; x_wconf 90' lang='lat' dir='ltr'>Benedictinis</span> <span class='ocrx_word' id='word_1_257' title='bbox 1269 3898 1422 3960; x_wconf 90' lang='lat' dir='ltr'>docendi</span> <span class='ocrx_word' id='word_1_258' title='bbox 1444 3896 1680 3978; x_wconf 90' lang='lat' dir='ltr'>peritissimis,</span> <span class='ocrx_word' id='word_1_259' title='bbox 1705 3897 1813 3959; x_wconf 90' lang='lat' dir='ltr'>etiam</span> <span class='ocrx_word' id='word_1_260' title='bbox 1831 3899 2021 3983; x_wconf 91' lang='lat' dir='ltr'>discipulos</span> 
     </span>
     <span class='ocr_line' id='line_1_26' title="bbox 286 4036 764 4118; baseline -0.002 -19"><span class='ocrx_word' id='word_1_261' title='bbox 286 4057 357 4099; x_wconf 92' lang='lat' dir='ltr'>non</span> <span class='ocrx_word' id='word_1_262' title='bbox 381 4036 538 4099; x_wconf 85' lang='lat' dir='ltr'>defuisse</span> <span class='ocrx_word' id='word_1_263' title='bbox 562 4048 715 4118; x_wconf 89' lang='lat' dir='ltr'>apparet</span> <span class='ocrx_word' id='word_1_264' title='bbox 730 4039 764 4116; x_wconf 84' lang='lat'>⁴).</span> 
     </span>
    </p>

    <p class='ocr_par' dir='ltr' id='par_1_11' title="bbox 285 4173 2038 4671">
     <span class='ocr_line' id='line_1_27' title="bbox 416 4173 2018 4257; baseline 0.004 -22"><span class='ocrx_word' id='word_1_265' title='bbox 416 4175 541 4255; x_wconf 92' lang='lat' dir='ltr'>Neque</span> <span class='ocrx_word' id='word_1_266' title='bbox 576 4174 663 4236; x_wconf 92' lang='lat' dir='ltr'>illud</span> <span class='ocrx_word' id='word_1_267' title='bbox 697 4175 997 4254; x_wconf 90' lang='lat' dir='ltr'>praetereundum</span> <span class='ocrx_word' id='word_1_268' title='bbox 1027 4183 1099 4254; x_wconf 90' lang='lat' dir='ltr'>est,</span> <span class='ocrx_word' id='word_1_269' title='bbox 1134 4174 1408 4256; x_wconf 91' lang='lat' dir='ltr'>praeposituris,</span> <span class='ocrx_word' id='word_1_270' title='bbox 1443 4175 1505 4236; x_wconf 91' lang='lat' dir='ltr'>ubi</span> <span class='ocrx_word' id='word_1_271' title='bbox 1540 4173 1691 4254; x_wconf 90' lang='lat' dir='ltr'>primum</span> <span class='ocrx_word' id='word_1_272' title='bbox 1727 4177 1897 4241; x_wconf 91' lang='lat' dir='ltr'>conditae</span> <span class='ocrx_word' id='word_1_273' title='bbox 1932 4190 2018 4257; x_wconf 81' lang='lat' dir='ltr'>sunt,</span> 
     </span>
     <span class='ocr_line' id='line_1_28' title="bbox 286 4311 2027 4395; baseline 0.005 -23"><span class='ocrx_word' id='word_1_274' title='bbox 286 4313 427 4373; x_wconf 90' lang='lat' dir='ltr'>scholas</span> <span class='ocrx_word' id='word_1_275' title='bbox 450 4311 592 4374; x_wconf 88' lang='lat' dir='ltr'>additas</span> <span class='ocrx_word' id='word_1_276' title='bbox 616 4330 706 4391; x_wconf 90' lang='lat' dir='ltr'>esse,</span> <span class='ocrx_word' id='word_1_277' title='bbox 730 4322 769 4374; x_wconf 89' lang='lat' dir='ltr'>ut</span> <span class='ocrx_word' id='word_1_278' title='bbox 793 4313 838 4374; x_wconf 92' lang='lat' dir='ltr'>de</span> <span class='ocrx_word' id='word_1_279' title='bbox 862 4312 1079 4391; x_wconf 90' lang='lat' dir='ltr'>Braunavia,</span> <span class='ocrx_word' id='word_1_280' title='bbox 1104 4312 1354 4393; x_wconf 88' lang='lat' dir='ltr'>praepositura</span> <span class='ocrx_word' id='word_1_281' title='bbox 1377 4312 1647 4395; x_wconf 81' lang='lat' dir='ltr'>Bievnoviensi,</span> <span class='ocrx_word' id='word_1_282' title='bbox 1672 4313 1815 4378; x_wconf 89' lang='lat' dir='ltr'>litterae</span> <span class='ocrx_word' id='word_1_283' title='bbox 1841 4328 2027 4390; x_wconf 87' lang='lat' dir='ltr'>constant;</span> 
     </span>
     <span class='ocr_line' id='line_1_29' title="bbox 286 4449 2038 4533; baseline 0.005 -22"><span class='ocrx_word' id='word_1_284' title='bbox 286 4470 355 4513; x_wconf 91' lang='lat' dir='ltr'>non</span> <span class='ocrx_word' id='word_1_285' title='bbox 384 4450 476 4512; x_wconf 90' lang='lat' dir='ltr'>enim</span> <span class='ocrx_word' id='word_1_286' title='bbox 506 4450 581 4511; x_wconf 92' lang='lat' dir='ltr'>veri</span> <span class='ocrx_word' id='word_1_287' title='bbox 609 4449 722 4512; x_wconf 91' lang='lat' dir='ltr'>simile</span> <span class='ocrx_word' id='word_1_288' title='bbox 756 4462 827 4531; x_wconf 91' lang='lat' dir='ltr'>est,</span> <span class='ocrx_word' id='word_1_289' title='bbox 858 4452 1125 4533; x_wconf 89' lang='lat' dir='ltr'>praeposituras</span> <span class='ocrx_word' id='word_1_290' title='bbox 1156 4451 1325 4514; x_wconf 92' lang='lat' dir='ltr'>habuisse</span> <span class='ocrx_word' id='word_1_291' title='bbox 1356 4453 1515 4532; x_wconf 91' lang='lat' dir='ltr'>scholas,</span> <span class='ocrx_word' id='word_1_292' title='bbox 1548 4462 1672 4514; x_wconf 92' lang='lat' dir='ltr'>vetera</span> <span class='ocrx_word' id='word_1_293' title='bbox 1703 4456 1925 4519; x_wconf 88' lang='lat' dir='ltr'>monasteria</span> <span class='ocrx_word' id='word_1_294' title='bbox 1954 4476 2038 4519; x_wconf 74' lang='lat' dir='ltr'>nom</span> 
     </span>
     <span class='ocr_line' id='line_1_30' title="bbox 285 4588 2038 4671; baseline 0.004 -22"><span class='ocrx_word' id='word_1_295' title='bbox 285 4588 463 4652; x_wconf 92' lang='lat' dir='ltr'>habuisse.</span> <span class='ocrx_word' id='word_1_296' title='bbox 508 4590 626 4652; x_wconf 92' lang='lat' dir='ltr'>Recte</span> <span class='ocrx_word' id='word_1_297' title='bbox 650 4589 759 4670; x_wconf 91' lang='lat' dir='ltr'>igitur</span> <span class='ocrx_word' id='word_1_298' title='bbox 781 4590 974 4653; x_wconf 90' lang='lat' dir='ltr'>Bohemiae</span> <span class='ocrx_word' id='word_1_299' title='bbox 1001 4610 1117 4652; x_wconf 90' lang='lat' dir='ltr'>rerum</span> <span class='ocrx_word' id='word_1_300' title='bbox 1149 4590 1342 4671; x_wconf 91' lang='lat' dir='ltr'>scriptores</span> <span class='ocrx_word' id='word_1_301' title='bbox 1369 4599 1585 4671; x_wconf 89' lang='lat' dir='ltr'>statuerunt,</span> <span class='ocrx_word' id='word_1_302' title='bbox 1617 4590 1652 4652; x_wconf 89' lang='lat' dir='ltr'>in</span> <span class='ocrx_word' id='word_1_303' title='bbox 1683 4591 1878 4655; x_wconf 89' lang='lat' dir='ltr'>maioribus</span> <span class='ocrx_word' id='word_1_304' title='bbox 1910 4595 2038 4658; x_wconf 87' lang='lat' dir='ltr'>Bene-</span> 
     </span>
    </p>
   </div>
   <div class='ocr_carea' id='block_1_9' title="bbox 287 4726 2012 4812">
    <p class='ocr_par' dir='ltr' id='par_1_12' title="bbox 287 4726 2012 4812">
     <span class='ocr_line' id='line_1_31' title="bbox 287 4726 2012 4812; baseline 0.005 -25"><span class='ocrx_word' id='word_1_305' title='bbox 287 4726 496 4788; x_wconf 90' lang='lat' dir='ltr'>dictinorum</span> <span class='ocrx_word' id='word_1_306' title='bbox 525 4728 763 4807; x_wconf 89' lang='lat' dir='ltr'>monasteriis,</span> <span class='ocrx_word' id='word_1_307' title='bbox 795 4737 834 4790; x_wconf 92' lang='lat' dir='ltr'>ut</span> <span class='ocrx_word' id='word_1_308' title='bbox 868 4728 903 4791; x_wconf 91' lang='lat' dir='ltr'>in</span> <span class='ocrx_word' id='word_1_309' title='bbox 934 4728 1148 4791; x_wconf 89' lang='lat' dir='ltr'>monasterio</span> <span class='ocrx_word' id='word_1_310' title='bbox 1182 4729 1455 4810; x_wconf 80' lang='lat' dir='ltr'>Blevnoviensi,</span> <span class='ocrx_word' id='word_1_311' title='bbox 1492 4728 1760 4812; x_wconf 90' lang='lat' dir='ltr'>Opatovicensi,</span> <span class='ocrx_word' id='word_1_312' title='bbox 1796 4730 2012 4797; x_wconf 88' lang='lat' dir='ltr'>Ostrovensi</span> 
     </span>
    </p>
   </div>
   <div class='ocr_carea' id='block_1_10' title="bbox 416 5083 792 5273">
    <p class='ocr_par' dir='ltr' id='par_1_13' title="bbox 416 5083 792 5273">
     <span class='ocr_line' id='line_1_32' title="bbox 416 5083 765 5162; baseline 0.009 -23"><span class='ocrx_word' id='word_1_313' title='bbox 416 5083 436 5162; x_wconf 82' lang='lat'>¹)</span> <span class='ocrx_word' id='word_1_314' title='bbox 460 5085 671 5141; x_wconf 87' lang='lat' dir='ltr'>Prennsteiner</span> <span class='ocrx_word' id='word_1_315' title='bbox 696 5086 713 5141; x_wconf 89' lang='lat' dir='ltr'>l.</span> <span class='ocrx_word' id='word_1_316' title='bbox 739 5106 765 5142; x_wconf 90' lang='lat' dir='ltr'>c.</span> 
     </span>
     <span class='ocr_line' id='line_1_33' title="bbox 418 5194 792 5273; baseline 0.011 -22"><span class='ocrx_word' id='word_1_317' title='bbox 418 5194 438 5273; x_wconf 87' lang='lat'>²)</span> <span class='ocrx_word' id='word_1_318' title='bbox 462 5197 676 5253; x_wconf 82' lang='lat' dir='ltr'>Ankershosen</span> <span class='ocrx_word' id='word_1_319' title='bbox 700 5200 738 5254; x_wconf 92' lang='lat' dir='ltr'>Il.</span> <span class='ocrx_word' id='word_1_320' title='bbox 764 5214 792 5255; x_wconf 91' lang='lat'>2.</span> 
     </span>
    </p>
   </div>
   <div class='ocr_carea' id='block_1_11' title="bbox 413 5305 1446 5495">
    <p class='ocr_par' dir='ltr' id='par_1_14' title="bbox 413 5305 1446 5495">
     <span class='ocr_line' id='line_1_34' title="bbox 413 5305 1446 5385; baseline 0.006 -22"><span class='ocrx_word' id='word_1_321' title='bbox 413 5305 436 5384; x_wconf 79' lang='lat'>³)</span> <span class='ocrx_word' id='word_1_322' title='bbox 459 5309 667 5377; x_wconf 87' lang='lat' dir='ltr'>Matauschek,</span> <span class='ocrx_word' id='word_1_323' title='bbox 693 5310 877 5367; x_wconf 87' lang='lat' dir='ltr'>Geschichte</span> <span class='ocrx_word' id='word_1_324' title='bbox 901 5311 954 5367; x_wconf 88' lang='lat' dir='ltr'>des</span> <span class='ocrx_word' id='word_1_325' title='bbox 979 5310 1192 5385; x_wconf 85' lang='lat' dir='ltr'>Gymnasiums</span> <span class='ocrx_word' id='word_1_326' title='bbox 1216 5330 1276 5367; x_wconf 91' lang='lat' dir='ltr'>von</span> <span class='ocrx_word' id='word_1_327' title='bbox 1299 5313 1446 5369; x_wconf 88' lang='lat' dir='ltr'>Braunau.</span> 
     </span>
     <span class='ocr_line' id='line_1_35' title="bbox 415 5416 702 5495; baseline 0.014 -22"><span class='ocrx_word' id='word_1_328' title='bbox 415 5416 436 5495; x_wconf 76' lang='lat'>⁴)</span> <span class='ocrx_word' id='word_1_329' title='bbox 461 5420 561 5476; x_wconf 88' lang='lat' dir='ltr'>Dudik</span> <span class='ocrx_word' id='word_1_330' title='bbox 585 5420 603 5476; x_wconf 90' lang='lat' dir='ltr'>l.</span> <span class='ocrx_word' id='word_1_331' title='bbox 629 5439 654 5476; x_wconf 91' lang='lat' dir='ltr'>c.</span> <span class='ocrx_word' id='word_1_332' title='bbox 680 5423 702 5477; x_wconf 90' lang='lat' dir='ltr'>l.</span> 
     </span>
    </p>
   </div>
   <div class='ocr_carea' id='block_1_12' title="bbox 0 0 2048 6260">
    <p class='ocr_par' dir='ltr' id='par_1_15' title="bbox 0 0 2048 6260">
     <span class='ocr_line' id='line_1_36' title="bbox 0 0 2048 6260; baseline 0 0"><span class='ocrx_word' id='word_1_333' title='bbox 0 0 2048 6260; x_wconf 95' lang='lat' dir='ltr'> </span> 
     </span>
    </p>
   </div>
  </div>
 </body>
</html>
