4034 6262
870 481 1150 550 -234..

143 672 288 733 coactus
301 662 580 725 valetudinarius
598 663 633 726 in
649 665 905 726 monasterium
922 684 975 726 re·
1012 664 1016 677 '

143 787 216 850 diit.
241 785 374 848 Edidit:

230 911 319 969 Satze
350 933 401 968 zur
430 912 621 969 dffentlichen
649 913 890 988 Vertheidigung
920 933 974 969 aus

142 1019 220 1074 allen
249 1017 376 1075 Theilen
408 1018 461 1074 der
492 1018 799 1093 Rechtsphilosophie
829 1018 889 1074 und
921 1017 974 1074 des

143 1123 396 1180 Kirchenrechtes
418 1140 464 1178 am
487 1121 536 1178 26.
555 1123 618 1178 Iuni
640 1121 730 1194 1853.
756 1120 785 1201 (i.
806 1141 832 1178 e.
856 1122 974 1179 Theses

142 1246 181 1283 ex
197 1225 335 1283 omnibus
352 1225 489 1302 partibus
507 1226 716 1302 philosophiae
738 1238 767 1282 et
788 1229 861 1283 iuris
883 1244 974 1282 cano·

142 1335 201 1389 nici
223 1330 342 1409 publice
363 1330 502 1388 desendet
526 1330 573 1387 die
595 1329 645 1386 26.
663 1332 725 1387 Iun.
747 1328 850 1406 1853.)
874 1329 974 1397 WIen,

143 1435 659 1502 Mechitharisten-Buchdruckerei‚
681 1434 771 1507 1853.
789 1433 831 1492 8⁰.
852 1448 867 1508 7
885 1454 914 1510 p.

232 1566 409 1641 Kinnast
444 1578 670 1639 Florianus
702 1577 974 1658 (Admonten-

144 1694 230 1775 sis),
248 1715 293 1757 ex
309 1715 405 1777 pago
417 1695 660 1777 Wasserburg
676 1695 711 1758 in
724 1694 872 1758 Austria
884 1694 975 1757 infra

145 1819 306 1880 Anasum
325 1822 374 1879 23.
392 1817 486 1898 Aug.
505 1822 580 1895 1841
601 1817 779 1898 oriundus,
797 1817 924 1880 studiis
941 1817 975 1879 In

145 1939 334 2023 gymnasio
358 1939 556 2001 Mellicensi
579 1940 752 2002 absolutis
776 1941 976 2001 Admontes

147 2063 255 2143 venit,
278 2084 306 2140 o.
326 2060 404 2125 Oct.
427 2066 506 2138 1804
528 2061 701 2143 primitias
723 2060 917 2122 celebravit
941 2069 976 2123 et

147 2208 197 2249 21.
220 2185 325 2246 Mart.
355 2187 433 2245 1865
460 2183 679 2265 professione
702 2183 861 2245 sollemni
885 2182 977 2243 inter

146 2309 414 2370 Admontenses
437 2305 688 2368 Benedictinos
717 2314 772 2367 est
798 2314 975 2386 receptus.

146 2432 206 2493 Ab
224 2450 316 2492 anno
338 2434 418 2507 1804
436 2429 667 2491 cancellariae
684 2428 858 2507 admotus,
876 2437 976 2489 curat

146 2563 374 2635 quaesturam
392 2561 427 2612 et
444 2551 699 2631 cancellariam,
718 2570 787 2612 soc.
801 2550 921 2612 histor.
939 2558 976 2611 et

146 2694 327 2738 oeconom.
352 2672 502 2755 Styriae,
528 2683 564 2734 et
592 2674 637 2733 ad
663 2691 820 2752 promov.
843 2671 973 2753 cognit.

145 2796 315 2860 Austriae
348 2794 521 2856 inferioris
553 2794 686 2856 sodalis
717 2794 855 2856 activus
882 2813 975 2855 anno

151 2925 230 2998 1879
252 2918 382 3000 insigni
404 2938 507 2980 cruce
532 2915 688 2997 equestri
718 2917 813 2998 regis
834 2915 974 2979 Alberti

146 3041 314 3107 Saxonici
331 3043 518 3103 decoratus
537 3051 600 3102 est.
626 3037 793 3119 Scripsit:

233 3169 255 3224 I.
273 3168 434 3223 Karimann
448 3163 571 3232 Hieber,
586 3163 647 3220 Abt
660 3185 694 3220 zu
705 3165 846 3221 Admont.
861 3166 975 3220 Necro-

145 3275 207 3348 Iog.
225 3271 254 3350 (i.
272 3291 298 3328 e.
316 3270 446 3327 Abbatis
465 3270 676 3326 Carolomanni
696 3272 776 3325 vitae
793 3264 975 3346 delineatio.)

146 3376 327 3435 Waidhosen
344 3395 370 3431 a.
389 3375 416 3430 d.
434 3373 528 3430 Ybbs.
551 3372 640 3431 1868.
660 3372 702 3430 8⁰.

234 3483 270 3537 II.
296 3482 359 3536 Das
384 3479 454 3536 Stiit
474 3479 621 3544 Admont,
646 3478 755 3534 dessen
778 3478 975 3551 Besitzungen

144 3588 202 3644 und
221 3587 313 3643 deren
329 3585 534 3658 VerwaItung.
560 3581 589 3660 (i.
608 3602 633 3639 e.
651 3583 825 3638 Monasterii
843 3581 976 3636 Admon-

33 3679 38 3690 ⁸
145 3695 240 3749 tensis
257 3687 444 3766 descriptio)
466 3686 556 3761 1869.
574 3688 664 3743 Mser.
679 3687 791 3742 Archiv
804 3686 857 3742 des
871 3687 975 3742 histor.

143 3799 293 3855 Vereines
310 3794 357 3851 fiir
372 3792 569 3850 Steiermark.

231 3902 283 3957 III.
299 3898 551 3955 ZurGeschichte
565 3896 617 3952 des
627 3897 760 3951 steierm.
771 3894 975 3952 Riistwesens.

143 4002 173 4083 (1.
191 4026 216 4062 0.
235 4007 297 4062 Res
314 4005 513 4060 armentariae
529 3996 714 4078 Styrenses.)
730 3999 826 4055 Mitth.
841 3998 894 4055 des
907 4000 975 4056 hist.

142 4112 290 4168 Vereines
306 4109 353 4165 fiir
370 4106 566 4164 Steiermark.
585 4106 675 4169 Grata,
697 4102 787 4177 1870.
804 4104 914 4159 XVIII.

231 4216 282 4271 VI.
300 4213 409 4270 Album
426 4211 632 4268 Admontense
654 4229 707 4266 seu
729 4209 886 4283 catalogus
908 4209 977 4265 reli·

145 4322 300 4395 glosorum
317 4338 345 4375 o.
360 4338 384 4374 s.
399 4319 430 4374 B.
448 4319 477 4372 in
489 4314 612 4373 abbatia
625 4314 822 4371 Admontensi
840 4316 977 4390 superio·

145 4427 185 4481 ris
202 4423 322 4498 Scyriae
346 4441 424 4478 anno
448 4420 576 4477 iubilaeo
604 4419 683 4492 1874
705 4421 866 4475 viventium
888 4431 917 4474 et
938 4417 977 4474 ab

145 4547 223 4584 anno
246 4526 325 4600 1674
342 4530 390 4603 pie
408 4526 626 4583 defunctorum.
645 4525 778 4591 Graecii‚
801 4522 891 4596 1874.

231 4632 297 4687 Vll.
307 4629 400 4687 Liber
410 4630 685 4686 confoederationis
695 4627 835 4686 abbatiae
845 4627 977 4683 Admon-

147 4738 250 4790 tensis.
270 4736 360 4790 hlscr.

232 4840 312 4895 VIII.
330 4839 543 4912 Nccrologium
562 4837 702 4893 Admont.
722 4838 812 4892 Mser.

234 4944 285 4998 IX.
301 4944 440 4998 Kleinere
450 4942 593 4998 Aussr'itze
608 4945 636 4997 in
646 4940 881 4998 verschiedenen
891 4939 977 4996 Sam-

147 5047 329 5102 melwerken
347 5046 405 5101 und
422 5047 642 5102 Zeitschriften.

233 5174 377 5247 Kinler
403 5186 571 5248 Maurus
604 5185 976 5268 (Raigradiensis),

148 5298 292 5361 Brunae
309 5302 343 5362 in
359 5302 520 5365 Moravia
543 5304 599 5365 die
624 5325 673 5365 21.
691 5304 794 5365 Febr.
817 5308 894 5380 1842
918 5323 977 5364 na-

1053 667 1141 727 urbe
1154 667 1372 748 possessoris
1389 676 1425 730 et
1437 667 1524 730 lanii
1537 678 1573 730 et
1585 667 1758 749 Iosephae,
1769 684 1870 736 natae

1055 787 1164 850 Wedl
1176 788 1397 871 Polauensis,
1412 789 1621 872 baptizatus
1637 799 1691 852 est
1701 789 1870 873 Iosephus.

1054 909 1128 972 Iam
1157 931 1246 992 puer
1273 916 1290 974 5
1315 931 1488 974 annorum
1516 912 1735 994 praeceptori
1760 915 1872 977 dome·

1056 1032 1146 1095 stico
1159 1033 1377 1113 commissus,
1390 1053 1484 1096 anno
1498 1037 1580 1111 1848
1593 1033 1629 1095 in
1642 1035 1780 1097 scholam
1790 1049 1875 1098 nor-

1053 1155 1180 1217 malem
1204 1157 1249 1217 ad
1273 1176 1298 1218 s.
1315 1155 1484 1218 Iacobum
1504 1165 1673 1237 receptus
1696 1166 1758 1238 est,
1776 1157 1879 1219 cuius

1053 1286 1220 1359 quattuor
1232 1276 1407 1339 classibus
1419 1278 1595 1340 absolutis
1608 1277 1740 1340 decimo
1751 1273 1880 1340 aetatis

1054 1419 1146 1461 anno
1170 1401 1217 1461 ad
1240 1399 1418 1481 gymnasii
1442 1398 1562 1462 studia
1586 1399 1742 1463 accessit.
1771 1401 1885 1462 Anno

1059 1525 1138 1598 1849
1161 1519 1291 1582 infelici
1316 1539 1401 1582 casu
1424 1520 1572 1583 brachio
1596 1521 1736 1583 sinistro
1757 1520 1885 1599 fracto,

1055 1644 1255 1723 importune
1272 1663 1293 1704 a
1309 1642 1474 1725 chirurgo
1488 1652 1675 1725 tractatus,
1688 1644 1796 1706 matris
1810 1645 1885 1706 de-

1056 1765 1163 1847 nique
1189 1785 1290 1827 sacra
1313 1765 1602 1848 peregrinatione
1627 1766 1673 1827 ad
1695 1785 1721 1828 s.
1736 1765 1885 1828 Mariam

1057 1886 1253 1950 Cellensem
1263 1887 1568 1969 Thaumaturgam
1581 1888 1685 1951 modo
1698 1886 1766 1950 fere
1776 1888 1886 1952 mita·

1055 2010 1117 2071 bili
1131 2030 1223 2072 anno
1237 2014 1312 2072 1851
1331 2009 1494 2072 celeriter
1507 2018 1654 2072 sanatus
1669 2019 1731 2091 est,
1743 2009 1774 2071 id
1785 2015 1885 2090 quod

1055 2131 1228 2193 indirecte
1257 2150 1399 2193 causam
1430 2131 1615 2212 praebuit,
1643 2131 1737 2193 vitae
1764 2142 1884 2198 status

1056 2253 1288 2315 sacerdotalis
1309 2252 1475 2334 eligendi,
1498 2252 1582 2334 quia
1603 2263 1716 2315 mater
1730 2257 1882 2336 peregri-

1055 2375 1198 2437 natione
1226 2375 1286 2436 illa
1314 2394 1393 2436 eum
1419 2374 1498 2436 Deo
1528 2375 1685 2438 devovit.
1719 2374 1757 2437 In
1778 2395 1877 2457 gym-

1055 2497 1192 2558 nasium
1220 2497 1407 2559 Brunense
1438 2501 1517 2559 1852
1550 2507 1716 2579 receptus
1743 2506 1867 2578 septem

1056 2618 1131 2680 eius
1153 2619 1287 2680 classes
1308 2619 1493 2700 praeclaro
1516 2639 1596 2681 curn
1618 2637 1794 2701 progressu
1813 2639 1865 2681 us-

1056 2759 1124 2822 que
1149 2742 1195 2801 ad
1218 2760 1349 2802 annum
1375 2744 1456 2817 raso
1480 2741 1652 2815 absolvit;
1676 2743 1736 2804 sed
1757 2742 1858 2803 audita

1056 2861 1186 2923 domini
1207 2861 1420 2942 professoris
1436 2862 1598 2926 Mathiae
1613 2863 1798 2927 Prochazka
1814 2861 1857 2921 de

1055 2983 1211 3065 antiquis
1239 2984 1421 3047 ordinibus
1450 2986 1702 3049 ecclesiasticis
1725 2984 1854 3067 praelec-

1055 3084 1151 3169 tione
1168 3108 1286 3170 subito
1302 3108 1409 3170 animi
1430 3109 1586 3191 impulsu
1607 3110 1791 3186 concitatus,
1806 3106 1854 3166 io·

1054 3228 1138 3292 vitis
1166 3229 1357 3312 insciisque
1380 3232 1592 3313 parentibus
1617 3232 1652 3294 in
1676 3239 1851 3295 conventum

1055 3351 1189 3413 ordinis
1206 3372 1232 3416 s.
1246 3352 1287 3413 B.
1304 3352 1608 3436 Raigradiensem
1625 3350 1849 3435 suscipiendum

1056 3494 1095 3536 se
1118 3474 1253 3555 statuit,
1281 3475 1342 3536 ubi
1368 3477 1458 3537 duce
1483 3477 1660 3539 benevolo
1686 3473 1851 3557 professore

1056 3596 1263 3658 Prochazka
1280 3597 1355 3658 sine
1372 3617 1470 3660 mora
1486 3608 1677 3680 susceptus
1691 3595 1850 3659 accedente

1057 3739 1139 3781 mox
1159 3728 1346 3800 parentum
1363 3721 1519 3781 adsensu
1541 3720 1600 3782 die
1626 3739 1671 3799 17·
1688 3720 1770 3799 Aug.
1786 3710 1853 3780 1859

1057 3860 1127 3901 una
1143 3860 1221 3901 cum
1237 3840 1352 3902 tribus
1370 3840 1451 3902 aliis
1473 3841 1674 3904 candidatis
1696 3835 1852 3903 investitus

1058 3974 1122 4023 est.
1139 3962 1310 4024 Inchoato
1323 3961 1519 4025 novitiatus
1534 3982 1629 4026 anno
1644 3959 1794 4044 reIIgiosis
1804 3944 1854 4015 of‘

1056 4082 1145 4145 ficiis
1154 4085 1317 4146 omnibus
1327 4084 1675 4168 stricteperagendis
1684 4086 1859 4162 occupatus,

1057 4206 1306 4268 meditationes
1326 4226 1406 4268 cum
1426 4207 1601 4289 magistro
1621 4207 1804 4270 novitiorum
1813 4189 1860 4257 Ρ·

1058 4327 1241 4390 Bemardo
1259 4328 1418 4410 quotidie
1435 4330 1629 4412 institutaS,
1650 4327 1769 4412 ingenii
1779 4324 1864 4384 vena

1058 4451 1319 4529 quodammodo
1344 4449 1535 4531 Incitante,
1564 4470 1721 4515 sermone
1740 4442 1863 4530 poeti0⁰

1057 4573 1206 4634 reddere
1216 4574 1389 4655 tentabat,
1403 4573 1603 4636 cuiusmodi
1616 4571 1771 4637 exercitia
1780 4563 1866 4629 inter

1058 4693 1299 4775 manuscripta
1309 4704 1506 4758 conventus
1516 4697 1633 4759 adhuc
1645 4690 1862 4758 adservantur·

1059 4816 1129 4876 Ast
1145 4835 1265 4877 mense
1283 4815 1432 4878 Octobri
1453 4817 1616 4880 eiusdem
1638 4818 1716 4881 anni
1738 4816 1797 4888 1859
1810 4788 1863 4864 ad

1058 4936 1238 4998 dominum
1269 4939 1437 5000 abbatem
1470 4937 1694 5003 Guntherum
1721 4929 1857 5021 precib⁰⁵

1059 5072 1308 5141 conversus,ut
1318 5061 1385 5121 sibi
1394 5061 1518 5123 liceret
1528 5051 1856 5136 novitiatustenpore

1058 5191 1222 5243 octavam
1239 5182 1417 5264 gymnasii
1440 5184 1594 5247 classem
1617 5186 1748 5268 privato
1763 5162 1850 5241 studio

1058 5304 1245 5366 absolvere
1262 5313 1298 5366 et
1315 5305 1348 5366 in
1360 5303 1431 5366 fine
1444 5307 1529 5369 anni
1542 5309 1733 5372 novitiatus
1743 5282 1843 5367 natusl'

149 5427 215 5498 tus,
233 5419 324 5481 filius
342 5422 481 5484 loannis
498 5424 638 5506 Kinter,
660 5426 747 5487 civis
769 5423 920 5487 aedilicii
942 5423 977 5486 in
1016 5362 1019 5495 1
1058 5416 1840 5512 10115011011010111100111115011111115511155111111ζ
