4088 6270
314 1676 382 1758 Dli
417 1674 678 1758 ORDlNlS
715 1674 1024 1780 EXORDllS,
1063 1674 1487 1777 lNCREMENTlS,
1525 1674 1704 1757 fulls.

930 1977 1036 2043 CAP.
1060 1979 1086 2040 Ι.

274 2169 316 2268 Si
343 2204 554 2265 latissimum
579 2224 744 2285 campum
772 2203 942 2265 historiae
970 2223 1219 2285 peragramus,
1248 2203 1310 2265 vix
1338 2203 1474 2266 tristius
1503 2204 1694 2284 quidquam
1723 2203 1879 2283 reperire

178 2361 326 2419 possumus
350 2364 456 2423 quam
480 2353 621 2424 tempus
645 2344 730 2405 illud
739 2393 748 2424 ,
778 2362 847 2423 quo
871 2362 929 2403 res
952 2343 1138 2404 Romanae
1163 2344 1342 2423 quondam
1372 2351 1471 2403 tanto
1502 2361 1611 2422 opere
1634 2340 1801 2402 florentes
1831 2342 1876 2403 ad
1949 2381 1950 2385 =

178 2478 317 2542 interitum
341 2501 493 2562 vergere
518 2491 722 2562 coeperunt.
762 2483 894 2562 Roma,
924 2483 1008 2543 urbs
1032 2484 1202 2563 superba,
1235 2482 1335 2543 cuius
1363 2483 1429 2542 sub
1453 2480 1537 2561 iugo
1562 2490 1658 2543 totus
1681 2479 1756 2542 fere
1780 2481 1877 2541 orbis

179 2630 312 2681 terrarum
334 2631 530 2702 gemuerat,
554 2621 667 2683 fracta
692 2631 728 2683 et
751 2630 931 2702 prostrata
955 2619 1105 2684 iacebat.
1141 2621 1323 2682 Barbarus
1346 2621 1440 2700 pede
1465 2621 1551 2681 duro
1576 2618 1798 2682 conculcavit
1821 2637 1876 2680 se-

180 2755 227 2814 des
244 2771 369 2821 veteres
393 2759 508 2820 cultus
532 2768 639 2840 atque
655 2760 896 2840 humanitatis
921 2759 1133 2821 manuforti
1157 2758 1288 2821 occidit
1311 2759 1445 2820 incolas
1468 2758 1605 2838 inopes
1645 2757 1748 2838 Quod
1772 2767 1876 2819 vates

180 2891 268 2954 divino
288 2896 410 2977 spiritu
435 2895 602 2957 incitatus
626 2896 819 2958 cecinerat:
854 2896 1013 2976 „Palatia
1037 2898 1180 2959 deserta
1204 2906 1301 2976 sunt,
1326 2897 1513 2959 multitudo
1540 2896 1637 2958 urbis
1664 2896 1787 2958 relicta
1812 2905 1876 2976 est,

180 3037 264 3091 tunes
283 3043 314 3095 et
336 3034 554 3096 munimenta
581 3033 676 3095 facta
704 3045 785 3095 sunt
813 3035 1019 3114 speluncae,
1051 3035 1221 3116 gaudium
1252 3034 1396 3096 bestiis“
1433 3034 1556 3113 (Isaias
1580 3039 1632 3113 32,
1661 3035 1709 3113 14)
1739 3044 1813 3095 tum
1842 3033 1876 3094 in

179 3163 291 3246 imperio
312 3172 478 3234 Romano
502 3182 668 3233 eventum
691 3173 824 3234 habere
848 3173 1047 3236 videbatur.

276 3309 367 3389 Quas
390 3330 448 3372 res
471 3312 561 3372 adeo
585 3312 748 3372 turbatas
771 3311 897 3393 religio
915 3311 1115 3374 Christiana
1139 3313 1244 3374 modo
1269 3330 1482 3392 componere
1506 3321 1657 3392 poterat.
1689 3311 1734 3372 Et
1755 3331 1816 3373 eas
1841 3311 1876 3372 in

179 3443 301 3507 ordinem
326 3449 467 3529 redegit
496 3448 656 3511 adiutore
686 3469 727 3510 eo
735 3498 743 3529 ,
776 3448 836 3530 qui
860 3449 1046 3529 Apostolis
1076 3448 1232 3511 dixerat:
1266 3451 1379 3529 „Ecce
1402 3449 1587 3512 vobiscum
1611 3469 1688 3511 sum
1712 3449 1876 3510 omnibus

179 3576 275 3644 diebus
295 3607 406 3667 usque
430 3588 476 3648 ad
500 3588 837 3650 consummationem
855 3587 1019 3650 saeculi“.
1052 3586 1128 3649 Viri
1146 3586 1335 3650 Christiani
1359 3587 1424 3649 soli
1440 3589 1518 3649 Deo
1535 3587 1668 3648 servire
1693 3586 1877 3669 cupientes

178 3717 212 3775 ad
229 3734 337 3800 gentes
361 3727 533 3787 barbaras
556 3736 793 3807 pervaserunt
817 3735 1022 3807 contempto
1039 3725 1165 3806 quovis
1182 3725 1340 3806 periculo
1357 3725 1536 3788 Christum
1553 3725 1758 3788 crucifixum
1775 3744 1876 3807 prae-

177 3852 363 3943 dicaverunt,
388 3884 529 3925 suarum
552 3884 717 3926 manuum
740 3865 862 3926 labore
887 3885 1021 3945 suoque
1047 3866 1212 3945 exemplo
1234 3865 1395 3926 homines
1419 3876 1581 3947 agrestes
1611 3867 1656 3927 ad
1679 3864 1876 3927 humanita-

176 4002 228 4055 tem
246 4009 274 4061 et
295 4002 461 4064 virtutem
484 4001 672 4067 linxerunt.
712 4003 791 4084 Quo
814 4004 849 4064 in
875 4023 1021 4065 numero
1045 4002 1215 4085 imprimis
1242 4001 1304 4063 filii
1333 4003 1426 4065 illius
1450 4002 1515 4064 viri
1545 4004 1659 4066 sancti
1688 4012 1784 4082 sunt,
1814 4001 1874 4082 qui

175 4136 298 4200 condens
320 4140 491 4220 ordinem,
521 4141 576 4202 cui
606 4141 691 4203 illud
714 4141 827 4222 patris
855 4142 909 4203 sui
940 4159 1021 4225 „ora
1045 4153 1082 4204 et
1104 4142 1247 4203 labora“
1280 4161 1422 4223 semper
1450 4151 1533 4204 ante
1561 4142 1683 4204 oculos
1710 4144 1877 4203 obversa-

172 4271 260 4355 batur,
280 4297 342 4358 pro
367 4279 508 4340 nomine
533 4299 597 4341 suo
620 4279 906 4342 benedictionem
930 4280 1058 4343 adtulit
1082 4281 1221 4343 mundo,

273 4417 392 4498 Atque
418 4417 451 4479 in
476 4419 690 4481 monasterio
714 4419 847 4482 Montis
871 4419 1105 4500 Cassinensis,
1129 4419 1190 4480 ubi
1214 4418 1416 4499 patriarcha
1439 4419 1690 4481 monachorum
1714 4417 1877 4479 occiden-

169 4549 263 4614 talium
286 4575 429 4617 auream
454 4575 553 4617 suam
577 4556 736 4637 regulam
760 4558 916 4639 scripsit,
942 4577 1033 4639 quae
1056 4567 1154 4620 recte
1182 4566 1465 4641 „monumentum
1493 4576 1563 4619 non
1591 4555 1677 4617 satis
1701 4554 1876 4616 admiran-

167 4687 229 4750 dum
250 4694 444 4773 sapientiae
469 4693 711 4757 Christianae“
737 4696 951 4777 nominatur,
980 4696 1116 4759 initium
1140 4695 1208 4758 fuit
1231 4714 1362 4776 operae
1386 4695 1565 4776 salutaris,
1591 4713 1681 4774 quae
1704 4692 1805 4754 brevi
1830 4693 1876 4753 ad

165 4827 312 4893 orientem
337 4831 571 4912 occidentem,
595 4834 871 4913 septemtriones
895 4835 1077 4897 meridiem
1101 4834 1314 4914 pertinebat.

270 4969 386 5032 Etiam
411 4970 447 5032 in
470 4970 538 5031 illis
561 4972 682 5054 terris,
711 4992 803 5053 quae
834 4973 940 5035 hodie
973 4972 1121 5067 imperio
1151 4971 1317 5034 clementi
1344 4971 1677 5054 Habsburgensium
1704 4982 1831 5054 parent
1843 4973 1875 5054 ¹),

160 5105 229 5167 ordo
251 5107 468 5170 incrementa
498 5109 593 5190 cepit
622 5119 658 5173 et
686 5111 818 5173 auxilio
847 5112 967 5174 divino
997 5119 1033 5174 et
1059 5120 1273 5192 protegente
1302 5129 1437 5172 summo
1464 5107 1631 5190 pontifice
1655 5111 1812 5173 adolevit
1840 5122 1875 5173 et

172 5263 332 5277 ——.——.
340 5269 455 5276 ——·-—

269 5352 290 5433 ¹)
315 5356 383 5410 llae
412 5370 497 5410 sunt:
529 5355 652 5412 Austria
682 5374 774 5432 supra
805 5369 836 5412 et
867 5356 943 5412 infra
969 5356 1126 5424 Aunesim‚
1160 5355 1382 5431 Salisburgum‚
1415 5354 1520 5421 Stiria,
1552 5356 1721 5424 Cariuthia,
1753 5358 1873 5419 Carnia,

155 5460 266 5533 (lotitia,
291 5466 452 5534 Gradisca‚
478 5468 575 5534 Istria,
600 5467 793 5542 Tergestum,
818 5469 1216 5543 Tirolis‚V0rarlbergium,
1238 5470 1390 5536 Bohemia‚
1414 5469 1561 5535 Moravia‚
1586 5467 1704 5534 Silesia‚
1730 5469 1873 5543 Ungaria,
