4034 6262
856 505 1139 575 ..217-

166 709 224 773 sias
237 695 409 782 Syrovicii,
428 693 664 759 Ostrovacicii
684 714 726 757 ac
741 693 959 757 Domasovii.
998 691 1002 794 )
1039 691 1181 775 gentiis,
1195 694 1312 774 quoad
1325 691 1400 755 fieri
1410 703 1562 775 poterat,
1574 713 1645 756 non
1657 696 1869 756 mederetur.

168 822 270 908 Quoad
283 820 416 882 domum
426 816 504 898 Dei,
522 816 623 879 cuius
639 816 804 877 decorem
820 834 961 896 semper
1040 813 1266 896 Singularem
1287 814 1363 877 eius
1386 815 1421 877 in
1442 815 1596 878 omnium
1620 815 1745 878 animis
1770 836 1871 879 reve·

169 942 281 1023 dilexit,
301 959 366 1002 non
388 938 500 1000 solum
525 936 621 1000 intus
645 937 761 999 omnia
787 936 960 999 ecclesiae
998 950 1001 1015 l
1038 937 1314 1019 rentiam,tantis
1323 937 1513 999 virtutibus
1521 939 1758 1020 promeritam,
1767 939 1872 1002 itera-

170 1054 389 1132 monasterialis
412 1067 612 1122 restaurata
634 1057 745 1140 fuere,
769 1058 821 1120 uti
844 1058 959 1139 stalla,
1039 1068 1098 1122 tae
1120 1058 1327 1122 occasiones
1349 1059 1562 1140 patefecere.
1588 1059 1646 1123 Sic
1668 1081 1761 1123 anno
1786 1066 1863 1124 1861

170 1184 407 1264 tabernaculum,
420 1180 624 1264 sacrarium,
639 1200 762 1243 verum
779 1179 885 1243 etiam
900 1201 961 1242 an·
1039 1183 1154 1244 redux
1174 1201 1282 1244 sanus
1305 1202 1351 1244 ex
1370 1182 1508 1244 balneis
1530 1181 1872 1267 Graefenbergensi-

169 1331 202 1374 no
215 1312 282 1371 1863
294 1315 406 1368 statua
416 1303 616 1367 fundatoris
628 1323 720 1367 mon.
733 1302 844 1364 nostri
861 1301 961 1365 ducis
1040 1306 1117 1386 bus,
1135 1304 1263 1385 quibus
1280 1305 1471 1385 desperata
1487 1304 1557 1366 iam
1573 1306 1687 1368 salute
1703 1326 1788 1368 usus
1806 1316 1871 1389 est,

168 1427 301 1494 Bletislai
322 1447 340 1490 e
361 1446 535 1489 marmore
557 1424 905 1507 affabre·exsculpta
926 1433 962 1487 et
1000 1436 1003 1455 ¹
1041 1425 1274 1508 gratulatorio
1288 1425 1443 1488 carmine
1460 1426 1634 1488 salutatus
1650 1426 1726 1507 fuit,
1744 1429 1871 1489 eodem

169 1554 237 1615 duae
250 1549 411 1631 imagines
428 1568 455 1610 s
472 1547 659 1609 Benedicti
677 1557 713 1610 et
729 1568 755 1609 s.
770 1545 963 1609 Scholasti-
1001 1548 1003 1595 5
1042 1550 1146 1610 modo
1163 1547 1380 1610 sollemniter
1391 1549 1584 1610 honoratus
1598 1559 1653 1610 est
1669 1568 1761 1611 anno
1779 1554 1871 1631 1805,

168 1692 226 1754 cae,
248 1692 268 1735 a
290 1669 408 1752 peritis
436 1668 620 1750 utriusque
644 1668 730 1731 artis
751 1667 851 1750 viris,
875 1668 963 1730 Max
1001 1648 1004 1767 )
1042 1690 1112 1752 quo
1130 1670 1463 1753 quinquagesimum
1484 1670 1614 1733 aetatis
1635 1690 1720 1732 suae
1741 1692 1872 1734 annum

167 1791 309 1875 Pragensi
332 1792 510 1874 sculptore
536 1803 572 1853 et
592 1789 746 1852 Fiihrich
767 1789 963 1852 Viennensi
1002 1770 1004 1777 ,
1042 1791 1223 1874 attigerat,
1240 1803 1276 1854 et
1292 1791 1454 1873 profecto
1474 1830 1517 1838 —
1537 1792 1588 1854 sic
1605 1802 1676 1855 stat
1693 1793 1872 1857 sententia

1002 1944 1004 1955 1

168 1915 285 1996 pictore,
305 1914 439 1997 magnis
456 1912 657 1995 sumptibus
673 1911 881 1994 acquisitae,
903 1914 963 1974 de·
1042 1914 1396 1976 nostra-unanimis
1408 1913 1556 1976 fratrum
1568 1914 1777 1996 piorumque
1792 1936 1872 1997 pre-

1002 1968 1004 2015 Ι

168 2036 629 2119 positoriumparamentorum
639 2040 962 2115 novumann01878
1002 2020 1004 2079 i
1042 2035 1143 2098 cibus
1164 2055 1185 2097 a
1201 2037 1279 2098 Deo
1300 2036 1529 2118 impetratum
1550 2046 1615 2117 est,
1640 2048 1678 2098 ut
1703 2057 1748 2098 ex
1772 2039 1873 2100 letali

171 2160 351 2241 adaptatum,
368 2160 437 2221 tria
449 2159 582 2222 vexilla
599 2178 701 2241 nova,
718 2157 877 2238 pretiosa
888 2178 962 2219 um·
1001 2122 1004 2217 i
1042 2160 1165 2219 morbo
1181 2177 1274 2220 anno
1291 2170 1454 2221 currente
1469 2158 1594 2220 iterum
1608 2160 1797 2240 convaluit,
1811 2159 1873 2240 qui

170 2279 242 2341 bella
261 2301 318 2361 pro
340 2281 432 2345 festo
454 2280 712 2362 Theophoriae,
738 2282 808 2342 duo
833 2279 962 2341 calices
1001 2280 1003 2389 )
1042 2299 1155 2341 annus
1176 2280 1370 2362 vigesimus
1391 2281 1534 2361 quintus
1555 2280 1669 2343 felicis
1689 2281 1872 2363 regiminis

170 2399 241 2480 nori,
259 2404 461 2467 candelabra
481 2414 633 2485 quatuor
654 2405 834 2483 deaurata,
861 2422 963 2464 casu·
1001 2422 1003 2489 5
1043 2400 1218 2464 Guntheri
1249 2402 1390 2464 abbatis
1420 2402 1618 2484 opitulante
1651 2403 1719 2465 Dei
1754 2404 1873 2486 gratia

170 2520 213 2581 lae
225 2523 334 2607 variae,
350 2535 495 2588 ornatus
512 2546 603 2587 unus
617 2525 744 2587 coloris
757 2523 907 2587 violacei
919 2544 961 2586 ac
1000 2494 1003 2565 i
1042 2524 1239 2604 completur
1267 2534 1303 2586 et
1329 2523 1535 2586 manifestat
1563 2545 1668 2606 quam
1693 2527 1795 2587 dulce
1825 2527 1873 2589 sit

173 2640 281 2704 demum
288 2645 558 2725 pretiosissimus
567 2666 612 2708 ex
623 2644 883 2727 ,Goldbrocat“
895 2665 960 2707 nec
1000 2660 1002 2689 ⁵
1042 2655 1077 2707 et
1093 2644 1284 2707 ineundum
1302 2646 1482 2729 ,habitare
1499 2646 1628 2708 fratres
1644 2649 1710 2708 sub
1726 2647 1790 2708 tali
1806 2669 1871 2729 pa-

174 2779 226 2822 non
249 2763 437 2831 linteamina
464 2767 553 2830 varii
580 2766 723 2849 generis
755 2776 960 2848 comparata
998 2812 1001 2889 )
1041 2777 1093 2829 tre
1111 2766 1145 2828 in
1163 2768 1301 2830 unum·‘.

173 2878 256 2946 fuere.
273 2885 345 2951 Pari
360 2889 505 2952 solertia
520 2888 737 2951 bibliotheca
753 2901 874 2951 nostra
887 2910 961 2951 mu·
998 2906 1001 2986 )
1125 2889 1317 2950 Kaliwoda
1340 2900 1422 2951 acta
1445 2889 1661 2951 eruditorum
1682 2889 1790 2952 variis
1813 2911 1873 2953 ac-

174 2999 393 3073 nificentissime
409 3021 515 3074 aucta
532 3023 597 3091 est,
614 3011 648 3073 in
663 3033 733 3093 qua
745 3010 828 3074 inde
840 3014 886 3074 ab
900 3033 960 3075 an·
998 3008 1001 3149 )
1039 3009 1261 3072 cessionibus
1270 3013 1428 3093 augebat
1437 3022 1472 3073 et
1482 3011 1627 3092 insuper
1641 3013 1709 3073 duo
1720 3032 1872 3093 sequen-

174 3127 286 3205 n01804
304 3151 433 3195 summa
448 3132 664 3195 voluminum
681 3134 881 3196 nonsolum
897 3135 959 3196 du·
997 3154 1000 3231 g
1038 3133 1089 3195 tia
1105 3133 1325 3215 conscripsit,
1347 3154 1439 3215 quae
1461 3134 1494 3196 in
1514 3134 1732 3196 bibliotheca
1748 3136 1871 3198 adser-

174 3240 274 3319 plicata
292 3252 377 3333 (sunt
391 3275 484 3316 nunc
502 3257 617 3332 sarrs
635 3253 736 3338 tomi)
757 3256 821 3316 sed
842 3265 878 3317 et
898 3276 959 3317 no·
997 3238 1000 3305 i
1038 3267 1176 3338 vantur,
1193 3256 1379 3337 opuscula:
1750 3276 1775 3336 0

173 3378 234 3424 vum
257 3368 357 3437 locum
388 3377 615 3457 adaptatum,
651 3376 750 3438 libris
786 3377 958 3440 hodierno
1125 3383 1147 3438 I.
1166 3383 1317 3457 Vortrage
1338 3401 1392 3438 aus
1414 3383 1467 3438 der
1489 3383 1849 3456 Religionswissenschaf
1863 3430 1870 3442 .

173 3490 416 3576 noredispositis
430 3518 472 3560 ac
485 3497 696 3559 cancellaria
709 3497 881 3561 instructa
894 3509 959 3580 est,
1037 3485 1066 3564 (i.
1082 3506 1108 3543 e.
1126 3487 1350 3543 Praelectinnes
1366 3506 1403 3543 ex
1419 3486 1557 3543 doctrina
1569 3485 1746 3565 religionis.)
1763 3489 1870 3546 Partes

997 3558 999 3645 i
1038 3592 1114 3648 duae
1131 3594 1160 3647 in
1177 3589 1217 3648 26
1235 3589 1431 3648 ternionibus
1448 3593 1504 3648 Ms.
1522 3610 1591 3667 pap.
1610 3593 1638 3647 in
1654 3599 1697 3663 4⁰.
1715 3595 1779 3648 sine
1795 3612 1867 3667 pag.

997 3678 1000 3757 i
1037 3716 1135 3772 comp.
1153 3695 1209 3753 sub
1223 3698 1275 3752 Bn.
1294 3694 1366 3770 576.
1384 3695 1468 3770 Sign.
1486 3696 1563 3772 FJK.
1582 3696 1617 3751 ΙΙ.
1637 3715 1662 3752 a.
1680 3695 1817 3767 32—58.

173 3727 354 3804 achirendis
371 3741 632 3824 impenduntur'
654 3742 817 3823 exceptis
832 3742 959 3805 biblio·
997 3770 999 3869 Ξ
1124 3802 1161 3856 II.
1177 3801 1356 3856 Bohmische
1368 3799 1722 3874 Litteraturgeschichte.
1736 3799 1765 3876 (i.
1776 3818 1801 3854 c.
1812 3801 1868 3855 Hi·

173 3612 252 3683 a“lut
265 3615 346 3681 mille
359 3619 433 3682 fere
446 3618 570 3681 floreni
587 3619 778 3701 quotannis
791 3621 958 3701 operibus

173 3860 436 3926 Peglratrombus,
461 3864 502 3926 In
528 3865 657 3945 qmbus
678 3865 841 3926 ommbus
865 3885 958 3927 cuns
1038 3907 1133 3961 storia
1145 3905 1330 3962 litteraturae
1344 3904 1475 3961 slavicae
1487 3922 1576 3978 quam
1590 3903 1738 3979 praelegit
1751 3917 1780 3959 et
1794 3924 1867 3960 con·

172 3971 198 4024 et
219 3984 348 4058 negOtiis
378 4005 444 4068 Pf⁰
471 3986 631 4047 ornanda
659 3985 822 4048 COssssObii
847 3986 959 4048 n0⁵tfi
1037 4006 1181 4085 scripsit.)
1203 4010 1291 4066 Fasc.
1309 4011 1337 4065 in
1355 4007 1396 4065 8⁰.
1415 4028 1513 4084 comp.
1529 4010 1594 4064 sine
1610 4027 1679 4083 pag.
1697 4009 1773 4062 lisn.
1792 4005 1865 4079 692.

171 4094 342 4169 supellectili
366 4128 451 4171 cura
474 4102 678 4191 animarum,
700 4118 774 4171 tum
799 4107 957 4190 fratrum,
997 4114 999 4133 '
1037 4113 1121 4187 Sign.
1138 4114 1215 4187 Fj'K.
1233 4115 1255 4170 Ι.
1274 4113 1301 4169 d.
1320 4111 1370 4169 26.

171 4216 958 4313 tumpopulinunquamfuitneglecta,inprimis
1123 4223 1457 4297 Kaltenbrunner
1487 4235 1731 4296 Alexander
1767 4233 1866 4315 (Ad-

171 4332 287 4431 scholae,
299 4353 521 4416 seminarium
534 4352 629 4416 vitae
642 4373 832 4434 puerorum
845 4354 958 4417 omnis
996 4378 999 4473 )
1037 4351 1294 4433 montensis),
1312 4364 1416 4414 natus
1434 4374 1480 4430 19.
1490 4352 1580 4414 Nov.
1595 4357 1685 4433 1798,
1698 4352 1866 4434 religiosa

169 4471 387 4539 curaadhibita
404 4485 469 4557 est,
490 4475 526 4537 id
548 4477 643 4556 quod
663 4495 733 4537 non
754 4476 867 4538 solum
887 4498 958 4539 me·
996 4530 999 4573 4
1037 4473 1258 4555 professione
1280 4474 1395 4535 ordini
1418 4473 1609 4536 adstrictus
1633 4479 1661 4536 8.
1680 4472 1759 4538 Oct.
1785 4480 1866 4536 1820

168 4574 225 4646 dias
242 4589 321 4661 inter
341 4597 630 4680 perturbationes
651 4598 783 4681 civiles,
806 4599 958 4661 retentio
996 4580 999 4623 ¹
1038 4606 1074 4659 et
1094 4616 1186 4665 anno
1206 4596 1370 4677 sequenti
1394 4616 1421 4674 7.
1439 4595 1518 4659 Oct.
1539 4595 1703 4676 primitiis
1727 4598 1866 4659 sollem-

165 4702 242 4773 huius
258 4729 462 4798 patronatus
477 4720 573 4782 haud
590 4740 714 4801 parum
731 4720 881 4801 onerosi,
897 4740 958 4783 ve·
996 4746 999 4761 ·
1037 4717 1128 4781 niter
1144 4717 1332 4780 celebratis
1349 4727 1461 4780 totam
1477 4717 1586 4780 vitam
1608 4719 1865 4780 sacerdotalem

160 4847 219 4896 rum
232 4840 328 4904 etiam
339 4841 415 4904 fere
429 4841 619 4923 quotannis
630 4841 833 4922 procuratio
847 4842 956 4903 omni·
996 4878 999 4949 Ι
1036 4838 1211 4901 iuventuti
1227 4838 1443 4901 erudiendae
1460 4838 1640 4901 dedicavit
1661 4839 1697 4901 in
1717 4860 1865 4921 gymna-

157 4957 258 5026 modae
273 4963 504 5044 supellectilis
520 4973 557 5026 et
572 4963 777 5026 adiumenta
792 4963 957 5045 pauperi·
1037 4962 1089 5024 sio
1105 4962 1389 5044 ludenburgensi
1406 4971 1442 5024 et
1459 4959 1663 5043 Graecensi,
1684 4962 1741 5023 cui
1758 4962 1865 5023 etiam

151 5085 206 5145 bus
218 5081 249 5146 in
262 5085 432 5167 vestibus,
449 5084 697 5148 calceamentis
713 5092 780 5146 etc.
797 5084 958 5147 exhibita
1037 5085 1190 5146 director
1213 5094 1379 5165 praeerat
1401 5087 1446 5146 ab
1470 5103 1562 5147 anno
1583 5089 1663 5163 1849
1685 5104 1798 5165 usque
1818 5086 1864 5147 ad

144 5214 315 5274 testantur.
328 5205 468 5269 'Merito
488 5206 598 5290 igitur
618 5205 823 5270 Guntherus
843 5209 957 5269 abbas
1037 5205 1182 5288 obitum,
1212 5227 1318 5287 quum
1346 5205 1456 5268 febris
1483 5208 1651 5288 typhosa‘
1666 5226 1746 5267 eum
1772 5206 1864 5268 abri-

136 5350 197 5399 ceu
210 5337 314 5411 pater
325 5328 372 5390 ab
385 5328 545 5391 omnibus
556 5329 759 5391 honoratur.
772 5328 957 5391 Neminem
1037 5337 1138 5410 peret
1155 5349 1183 5391 2.
1201 5326 1281 5392 Oct.
1302 5333 1392 5406 1854.
1413 5329 1622 5390 Alexander
1637 5328 1728 5390 inter
1744 5329 1865 5389 docto-

128 5455 219 5525 enim
236 5449 405 5514 miserum
420 5471 574 5533 unquam
592 5450 734 5533 dimisit,
751 5450 851 5512 cuius
867 5451 956 5512 indi·
995 5438 999 5527 l
1037 5469 1093 5512 res
1106 5451 1364 5532 philosophiae,
1378 5451 1519 5512 sodales
1533 5469 1604 5512 soc.
1615 5448 1863 5512 oeconomicae

1607 5555 1639 5602 28
