4088 6270
902 495 1184 567 „352-

165 679 231 741 mis
247 680 398 763 gemmis
422 689 556 762 omata,
581 702 687 764 quam
710 682 928 763 pectoralem
946 681 997 743 di·
1034 687 1038 797 Ξ
1076 681 1244 762 habuero,
1262 680 1503 743 obedientiam
1520 700 1562 743 ac
1575 682 1802 770 reverentiam
1812 704 1870 768 erga

166 813 260 883 cunt,
285 804 547 867 condecoravit.
579 804 667 866 Tam
691 804 824 884 optime
849 824 928 867 cum
952 806 997 867 de
1035 822 1038 905 Ξ
1076 801 1317 863 venerabilem
1341 800 1495 883 priorem
1517 811 1677 865 vestrum
1702 803 1869 885 (Adrianun

164 924 280 1006 patria
301 937 376 987 tum
399 927 443 987 de
461 925 634 988 asceterio
651 926 778 988 meruit
794 927 919 989 Benno
936 928 997 988 ab·
1036 930 1038 1011 Ξ
1078 921 1243 1006 Gretsch)
1276 932 1312 987 et
1343 945 1387 987 ne
1419 945 1440 986 a
1471 944 1653 1008 quoquam
1684 927 1870 992 contristetur

164 1048 239 1127 baS,
260 1059 299 1109 ut
315 1047 350 1109 in
366 1047 494 1110 litteris
511 1049 555 1110 de
572 1058 684 1110 morte
701 1047 777 1110 eius
793 1049 839 1110 ad
856 1047 997 1110 confoe·
1036 1050 1038 1115 ἶ
1078 1055 1222 1125 exopto.
1252 1044 1339 1108 Cum
1356 1065 1442 1109 vero
1460 1048 1503 1109 de
1523 1067 1732 1111 successore
1752 1051 1822 1112 mihi
1833 1073 1869 1115 ca-

165 1170 309 1232 deratos
326 1170 418 1232 datis
430 1180 527 1233 recte
541 1170 711 1252 scriptum
725 1171 782 1234 sit:
799 1172 997 1255 „Idsaltem
1076 1168 1203 1231 nonice
1234 1168 1484 1232 substituendo
1513 1181 1653 1253 agetur,
1684 1171 1768 1234 nihil
1790 1175 1869 1256 magis

164 1291 209 1352 ad
218 1291 334 1353 laudis
343 1292 522 1355 cumulum
535 1292 710 1355 adiecisse
720 1292 887 1367 sufficiat;
902 1295 996 1375 quod
1035 1370 1037 1389 Ξ
1077 1289 1251 1371 desidem,
1276 1311 1382 1371 quam
1407 1302 1445 1354 ut
1469 1292 1505 1354 in
1531 1293 1683 1357 caritate
1707 1298 1870 1377 concordes,

165 1413 292 1475 seriem
308 1415 477 1476 abbatum
496 1425 694 1477 nostrorum
707 1415 741 1477 in
755 1416 944 1496 septimum
958 1435 996 1478 se
1035 1400 1037 1517 Ξ
1076 1413 1271 1475 secundum
1295 1414 1549 1477 conscientiam
1569 1427 1726 1478 vestram
1745 1417 1871 1499 dignissi-

164 1537 438 1616 protendentem
455 1538 634 1599 saeculum
659 1539 880 1620 percurrenti
897 1538 996 1601 multi
1035 1604 1038 1627 Ξ
1076 1553 1171 1596 mum
1189 1554 1234 1596 ex
1247 1535 1351 1597 vobis
1364 1536 1520 1618 eligatis3
1537 1508 1583 1599 ne
1595 1557 1661 1600 vos
1673 1538 1806 1620 propria
1816 1559 1874 1601 con-

165 1657 307 1739 quidem
323 1677 468 1740 prorsus
485 1658 653 1742 insignes,
671 1670 707 1722 et
724 1660 768 1723 de
781 1661 996 1723 monasterio
1036 1730 1038 1737 ,
1077 1656 1227 1719 scientia
1242 1669 1373 1740 vestra,
1390 1669 1538 1740 propter
1553 1668 1676 1722 votum
1693 1660 1818 1723 sinistre
1828 1663 1874 1723 da·

163 1779 296 1860 optime
312 1780 496 1862 promeriti
513 1782 697 1862 praesules
714 1794 911 1863 occurrant,
936 1804 996 1846 ne·
1035 1759 1038 1843 i
1076 1790 1151 1840 tum
1165 1778 1199 1840 in
1212 1788 1396 1860 posterum
1409 1780 1562 1863 damnet,
1580 1792 1619 1844 et
1631 1801 1740 1845 causa
1750 1784 1873 1846 destruc·

163 1921 221 1964 mo
238 1912 357 1964 autem
374 1923 474 1984 unus,
493 1904 552 1984 qui
565 1903 840 1966 munificentiam
852 1905 888 1967 in
901 1925 995 1986 suos,
1035 1856 1038 1941 i
1078 1900 1184 1962 tionis
1201 1911 1237 1963 et
1253 1901 1376 1963 ruinae
1389 1903 1500 1965 vestri
1515 1905 1722 1967 monasterii
1736 1905 1797 1986 ipsi
1808 1907 1871 1969 sitiS.

164 2034 200 2086 et
216 2025 341 2087 merita
358 2024 540 2087 Bennonis
557 2026 765 2106 adaequet.“
799 2026 884 2088 Vita
900 2047 996 2109 vero,
1035 2005 1038 2077 i
1076 2058 1118 2066 —
1135 2021 1223 2085 Eum
1240 2043 1327 2106 ergo
1344 2025 1516 2087 canonica
1530 2026 1705 2090 electione
1717 2028 1868 2090 substitua-

162 2165 298 2208 morum
311 2150 465 2209 candore
475 2159 510 2209 et
524 2168 695 2210 annorum
707 2151 846 2211 cumulo
858 2152 904 2212 ad
917 2169 996 2212 nor·
1035 2164 1037 2235 Ξ
1076 2145 1132 2226 tis,
1161 2145 1220 2226 qui
1245 2145 1337 2208 inter
1359 2166 1423 2209 vos
1448 2158 1503 2210 est
1527 2149 1762 2231 dignissimus,
1782 2149 1866 2231 quiet

162 2289 254 2330 mam
271 2269 553 2349 patriarcharum
566 2271 739 2353 instituta,
757 2282 869 2334 morte
886 2272 995 2353 patri·
1034 2240 1037 2353 Ξ
1076 2265 1299 2347 disciplinam
1314 2268 1514 2350 regularem
1528 2282 1629 2334 curet
1642 2282 1680 2335 et
1690 2284 1863 2355 promoveat,

163 2391 279 2453 archis
295 2391 428 2454 usitata
442 2394 640 2455 claudenda
653 2405 739 2456 erat.
763 2393 921 2456 Vulnere
933 2414 994 2475 pe·
1034 2358 1037 2475 Ξ
1076 2398 1111 2450 et
1129 2388 1357 2452 oeconomiae
1370 2410 1490 2453 curam
1506 2412 1576 2455 non
1592 2394 1861 2478 negligat-lion

163 2512 218 2574 dis
227 2524 365 2595 sanat0,
379 2516 526 2577 materia
540 2514 698 2598 maligna
707 2517 846 2597 corpori
858 2516 995 2579 inclusa
1075 2510 1156 2592 sint,
1182 2509 1257 2572 filiii
1282 2511 1456 2575 intervos
1479 2516 1731 2580 altercationes
1752 2514 1860 2580 etdissi-

162 2636 347 2738 pulmpnes
357 2636 478 2699 affecit
487 2648 523 2699 et
531 2657 739 2720 gangraena
749 2638 902 2721 denique
913 2658 994 2701 con·
1075 2633 1143 2714 (lia,
1167 2632 1297 2696 fratres
1314 2633 1406 2696 enim
1422 2636 1519 2700 estis.
1548 2637 1663 2701 Nemo
1680 2636 1857 2731 vestrundi·
1900 2622 1903 2633 ¹

162 2757 296 2821 sumsit.
319 2756 506 2841 Susceptis
520 2759 628 2842 igitur
640 2760 864 2824 morientium
878 2781 995 2824 sacra·
1075 2765 1147 2816 cat:
1180 2755 1258 2837 Ego
1286 2775 1363 2818 sum
1388 2756 1547 2840 Cephae,
1572 2780 1643 2842 ego
1667 2761 1800 2842 Apollo,
1815 2775 1857 2838 ego

162 2880 290 2942 mentis
306 2901 412 2943 manu
428 2881 576 2945 fratrum
590 2902 741 2946 coronae
755 2883 933 2946 silentium
944 2884 995 2946 in·
1074 2876 1192 2950 Pauli;
1224 2896 1289 2939 VOS
1318 2878 1410 2940 enim
1435 2898 1557 2942 omnes
1580 2882 1669 2946 estis
1691 2882 1750 2946 filii
1771 2878 1858 2945 Christi

163 3000 263 3082 dixit,
288 3021 366 3065 cum
383 3023 444 3065 eos
466 3004 643 3067 dimittere
660 3024 731 3068 non
751 3017 885 3087 posset,
911 3006 994 3088 quin
1077 2997 1407 3081 (1·Corinth·1,12)·
1431 3000 1487 3064 De
1501 3011 1622 3067 cetero
1635 3006 1759 3087 valete,
1770 3003 1857 3068 filici·

160 3123 416 3188 benedixisset.
441 3124 681 3208 Loquebatur,
702 3127 865 3208 quamvis
880 3126 995 3190 fracta
1075 3121 1213 3203 tissimi,
1231 3133 1268 3184 et
1284 3131 1400 3186 estote
1416 3143 1592 3188 memores
1608 3128 1730 3209 patris,
1746 3127 1795 3209 qui
1804 3122 1857 3187 nul·

162 3265 278 3327 paene
294 3265 383 3309 voce
400 3258 508 3328 atque
524 3248 696 3310 moriente
710 3268 781 3331 ore,
798 3260 834 3311 et
851 3250 994 3330 quidem
1074 3255 1149 3306 tum
1166 3263 1231 3306 vos
1245 3244 1372 3327 diligit,
1385 3247 1604 3328 multumque
1616 3269 1682 3331 pro
1694 3249 1857 3312 vobislabu

162 3387 204 3430 eo
222 3369 354 3449 ordine,
372 3388 414 3431 ea
429 3371 583 3452 energia,
602 3390 644 3432 ea
657 3372 797 3452 paterni
811 3372 928 3434 cordis
942 3385 994 3435 te·
1074 3366 1176 3447 ravit,
1194 3376 1230 3428 et
1246 3386 1338 3429 nunc
1357 3367 1442 3429 nihil
1458 3370 1574 3452 magis
1590 3371 1772 3454 desiderat,
1789 3385 1856 3451 quan

161 3491 371 3574 neritudine,
395 3503 433 3555 ut
453 3493 547 3556 vires
569 3495 741 3556 humanas
761 3496 867 3578 longe
888 3516 993 3578 supe·
1074 3497 1112 3550 ut
1129 3507 1174 3549 ex
1191 3488 1294 3550 vobis
1311 3489 1485 3552 neminem
1498 3492 1637 3575 perdat,
1655 3495 1717 3556 sed
1732 3487 1855 3556 omnesin

160 3634 260 3676 rasse
269 3615 432 3677 omnibus
444 3616 542 3678 visus
553 3617 607 3679 sit.
630 3617 745 3680 Huius
755 3619 897 3680 ultimae
907 3620 992 3680 allo·
1073 3611 1189 3692 patria
1200 3611 1327 3674 iterum
1340 3613 1462 3675 videre
1476 3615 1605 3679 valeat.
1627 3615 1721 3678 Nihil
1733 3615 1803 3677 mihi
1811 3614 1853 3674 ium

161 3737 311 3799 cutionis
336 3739 539 3800 memoriam
557 3740 653 3800 nulla
670 3738 786 3802 Scotis
803 3741 879 3802 dies
897 3743 991 3803 dele·
1031 3750 1034 3777 ¹
1072 3734 1245 3815 reliquum
1267 3744 1331 3816 est,
1356 3756 1461 3817 quam
1483 3747 1521 3798 ut
1543 3738 1702 3801 ultimam
1717 3749 1854 3819 patemurss

160 3859 225 3921 bit:
252 3859 532 3942 ,Transiturus“,
549 3861 672 3941 inquit,
697 3863 761 3941 „de
778 3863 844 3923 hoc
861 3864 991 3924 mundo
1072 3857 1357 3919 benedictionem
1384 3858 1488 3920 vobis
1521 3858 1733 3940 impertiar.“
1765 3857 1855 3920 Ultimi

161 3982 206 4042 ad
215 3981 369 4063 Patrem,
384 3994 421 4043 ut
434 3983 492 4063 pie
506 4002 621 4064 sper0,
639 3983 761 4045 ultima
775 3982 844 4045 iarn
858 3986 991 4066 advos,
1073 3979 1225 4060 denique
1253 3980 1411 4062 piissime
1440 3981 1624 4044 morientis
1648 3984 1755 4064 patris
1774 3980 1854 4055 verba

160 4101 250 4163 filios
267 4103 478 4184 carissimos,
495 4106 606 4166 verba
622 4104 724 4168 facin.
754 4105 841 4167 Cum
858 4107 992 4169 dilexe·
1073 4123 1164 4184 quae
1181 4104 1325 4166 auribus
1341 4104 1545 4167 assistentis
1565 4109 1760 4171 sacerdotis
1777 4106 1853 4187 iuges

160 4224 224 4286 rim
237 4245 301 4287 vos
315 4245 465 4307 semper,
480 4246 592 4307 usque
606 4229 651 4289 ad
663 4226 768 4290 finem
782 4228 878 4291 vitae
890 4249 991 4292 meae
1073 4224 1132 4304 sit,
1165 4235 1266 4287 erant
1293 4226 1352 4287 illa
1383 4227 1609 4307 psalmistae:
1643 4230 1798 4293 Paratum
1819 4238 1853 4285 0⁰1

1031 4286 1033 4328 u

160 4367 225 4408 vos
238 4347 387 4431 diligere
400 4369 524 4432 perg0,
543 4361 577 4411 et
590 4349 676 4411 nihil
688 4351 803 4433 magis
816 4352 991 4433 desidero,
1072 4366 1188 4408 meum
1196 4348 1310 4409 Deus:
1331 4361 1495 4430 paratum
1509 4356 1712 4417 cormeum!
1729 4354 1777 4416 his
1786 4344 1853 4412 dictis

160 4489 265 4550 quam
282 4481 320 4533 ut
336 4491 401 4533 vos
418 4493 541 4534 omnes
561 4472 652 4534 filios
670 4493 767 4536 meos
789 4475 991 4538 carissimos
1071 4469 1163 4531 inter
1178 4469 1428 4533 ardentissima
1442 4473 1559 4535 cordis
1567 4486 1653 4538 vota
1666 4476 1851 4538 rebushuna·

159 4593 285 4655 iterum
312 4595 346 4655 in
375 4595 492 4674 patria
517 4596 685 4676 amplecti
712 4596 863 4678 possim:
895 4600 990 4679 quod
1030 4554 1032 4691 Ξ
1071 4592 1124 4654 nis
1140 4593 1381 4675 placidissime
1403 4608 1668 4659 consummatus
1685 4594 1851 4678 ereptusest

158 4736 244 4778 vero
260 4716 330 4778 alia
346 4716 483 4778 ratione
499 4715 575 4779 fieri
599 4738 668 4780 non
684 4720 826 4801 poterit,
851 4720 919 4782 nisi
937 4740 990 4782 se·
1029 4702 1032 4821 Ξ
1071 4716 1129 4777 die
1146 4715 1404 4795 15.Febr.1807
1418 4718 1505 4779 hora
1518 4719 1625 4782 tertia
1637 4739 1747 4800 mane,
1761 4714 1852 4797 quatu

159 4840 311 4899 cundum
328 4839 527 4902 institutum
542 4850 699 4901 uestrum
717 4851 753 4903 et
768 4851 863 4922 vota,
880 4842 990 4903 vitam
1029 4880 1032 4935 Ξ
1071 4839 1173 4901 annis
1195 4840 1241 4901 ad
1257 4838 1325 4901 Dei
1348 4839 1472 4901 laudes
1496 4841 1728 4904 celebrandas
1748 4844 1852 4902 stratum

158 4960 264 5041 piam,
286 4961 489 5043 religiosam
514 4973 549 5024 et
574 4980 731 5025 sanctam
755 4964 990 5028 institueritis
1029 4942 1032 5047 Ξ
1072 4963 1235 5023 deserere
1250 4962 1446 5042 consuevit,
1460 4962 1565 5024 homo
1575 4981 1741 5026 annorum
1752 4964 1851 5039 85,pru

158 5083 233 5144 Iam
254 5083 289 5144 in
309 5093 491 5163 posterum
517 5085 619 5146 uobis
642 5087 814 5165 prodesse
836 5107 906 5149 non
927 5107 990 5167 po·
1029 5052 1031 5189 Ξ
1071 5064 1254 5167 fessuso7,
1279 5086 1446 5147 sacerdos
1470 5088 1522 5166 62,
1547 5089 1662 5148 abbas
1685 5079 1849 5162 42n0nd¹1ffl

157 5215 244 5286 ter0,
262 5214 298 5266 et
314 5224 405 5285 quae
424 5204 516 5267 circa
532 5225 595 5267 vos
607 5204 726 5268 futura
740 5218 831 5289 sunt,
850 5218 990 5270 contur-
1029 5200 1031 5321 Ξ
1071 5207 1337 5286 completorum.
1361 5205 1532 5287 Sepultus
1556 5218 1612 5269 est
1631 5208 1667 5270 in
1687 5193 1848 5270 coemeten'o

157 5327 990 5410 bantmeetmeanxiumtenent.—Praeprimis
1029 5332 1032 5436 Ξ
1072 5325 1235 5390 Scotensi
1245 5329 1435 5409 parochiae
1447 5329 1660 5393 Breitenlee.
1674 5316 1847 5408 Scriptaeius

159 5450 367 5510 commendo
384 5449 496 5530 vobiS,
520 5469 630 5531 usque
648 5452 731 5513 dum
749 5471 990 5514 successorem
1029 5442 1032 5508 i
1072 5450 1335 5532 ascetica,quae
1345 5452 1557 5514 novitiorum
1567 5437 1816 5534 magisterusuii
1838 5464 1846 5476 ·
