4034 6262
824 523 866 532 -
913 487 1121 551 XXXVIII
1167 524 1208 533 —

145 710 400 773 Wilemovium
428 730 528 791 ver0,
557 710 656 773 cuius
684 710 847 773 monachi
870 711 1109 793 Uhercicium‚
1134 711 1169 774 in
1191 713 1475 794 praeposituram
1500 736 1612 797 suam,
1637 715 1868 798 confugerant

133 816 168 911 ¹a
191 850 409 929 calamitate,
440 869 519 911 cum
546 849 615 912 iam
644 849 766 911 usibus
796 848 955 929 profanis
983 849 1197 911 destinatum
1227 861 1339 931 esset,
1368 851 1541 914 vindicari
1569 873 1638 915 non
1668 855 1804 937 potuit,
1831 865 1867 917 ut

146 1009 297 1070 cumque
321 988 516 1069 praepositi
540 988 733 1068 Uhercicii,
763 989 822 1069 qui
845 988 985 1050 titulum
1013 988 1228 1050 abbatialem
1254 989 1568 1052 Wilemoviensem
1595 992 1819 1075 retinebant,
1848 994 1868 1055 ἱ(

145 1147 357 1208 recuperare
381 1127 585 1189 nitebantur
600 1128 632 1207 ¹).
678 1125 791 1189 Simili
821 1128 925 1188 modo
957 1127 1103 1188 abbatia
1131 1146 1157 1190 s.
1182 1127 1347 1208 Procopii
1376 1130 1421 1189 ad
1446 1127 1629 1192 Sazowam
1652 1134 1699 1192 ab
1724 1130 1868 1192 Hussiti:

145 1266 305 1329 funditus
336 1286 462 1328 eversa
492 1286 671 1346 nunquam
702 1264 866 1328 restituta
897 1277 968 1345 est,
1001 1286 1213 1347 quamquam
1245 1266 1352 1328 etiam
1387 1271 1468 1328 1500
1499 1269 1668 1330 abbatem
1702 1279 1868 1331 extorren

145 1408 249 1469 huius
276 1405 481 1468 monasterii
505 1415 813 1469 commemoratum
838 1405 999 1467 videmus
1015 1407 1048 1483 2).
1095 1404 1332 1485 Opatovicum
1360 1425 1512 1486 quoque,
1540 1406 1640 1469 cuius
1668 1408 1868 1489 dignitaten

146 1544 362 1606 abbatialem
386 1543 580 1625 praepositi
604 1543 824 1605 Neumarktii
848 1563 960 1624 prope
984 1543 1236 1605 Vratislaviam
1261 1556 1480 1625 receperant,
1504 1566 1684 1627 nunquam
1709 1546 1868 1609 refectun

146 1691 200 1744 est
214 1682 249 1763 ³).
295 1681 478 1744 Communi
501 1681 601 1743 ruina
625 1681 730 1743 etiam
754 1682 864 1743 Porta
890 1683 1132 1762 apostolorum
1156 1690 1192 1743 et
1214 1682 1456 1745 Podlacicium
1488 1704 1566 1745 cum
1594 1684 1669 1746 suis
1698 1688 1867 1767 praeposi

145 1821 233 1882 turis
250 1830 358 1901 atque
374 1820 624 1881 monasterium
642 1840 668 1881 s.
683 1819 863 1881 Ambrosii
880 1839 1054 1901 oppressa
1070 1830 1151 1882 sunt
1163 1824 1199 1900 ⁴).
1231 1820 1455 1882 Emautinum
1472 1841 1567 1903 vere,
1585 1823 1646 1884 ubi
1667 1825 1868 1887 eucharistia

145 1961 211 2020 sub
241 1970 392 2039 utraque
423 1957 542 2037 specie
575 1959 743 2038 dabatur,
775 1968 973 2039 temporum
1004 1957 1165 2019 iniuriam
1197 1958 1331 2040 effugit.
1377 1960 1432 2020 Ex
1463 1959 1666 2022 monialium
1700 1963 1868 2024 coenobii,

145 2119 251 2160 unum
280 2119 306 2159 s.
332 2095 479 2178 Georgii
509 2098 650 2177 Pragae
683 2095 830 2170 revixit3
861 2077 1077 2158 monasteria
1105 2117 1131 2160 s.
1156 2094 1311 2178 Spiritus
1340 2107 1375 2160 et
1399 2098 1609 2179 Teplicense
1634 2099 1746 2161 ruinis
1771 2111 1868 2163 stratz

145 2245 350 2299 manserunt
364 2237 399 2315 5).

273 2375 464 2454 Utcunque
488 2393 573 2435 vero
598 2392 764 2435 numerus
786 2372 936 2435 filiorum
961 2393 987 2435 s.
1013 2373 1200 2436 Benedicti
1229 2373 1430 2435 deminutus
1455 2384 1546 2455 erat,
1576 2377 1794 2457 superstites
1822 2397 1867 2458 op

143 2514 229 2576 timo
253 2513 370 2575 studio
395 2511 537 2574 accensi
560 2512 742 2574 doctrinae
766 2511 879 2574 falsae
902 2531 967 2592 pro
990 2511 1126 2574 viribus
1149 2513 1365 2575 restiterunt.
1408 2513 1449 2574 In
1472 2513 1526 2574 his
1550 2514 1746 2595 praecipue
1771 2517 1866 2578 Brau

144 2652 258 2733 navia,
283 2653 328 2713 ab
353 2650 492 2712 eximiis
515 2649 708 2712 abbatibus
731 2659 770 2711 ut
793 2650 998 2711 Hermanno
1023 2651 1262 2730 (razo—1449)
1292 2659 1327 2712 et
1351 2650 1526 2731 Gregorio
1551 2652 1612 2714 III.
1639 2654 1868 2732 (1481-1483

144 2800 251 2869 recta,
275 2788 392 2851 officio
417 2807 480 2849 suo
504 2787 730 2849 laudabiliter
752 2785 978 2868 fungebatur.
1024 2786 1133 2867 Quid,
1159 2788 1254 2868 quod
1277 2788 1332 2850 hic
1357 2791 1470 2850 abbas
1494 2792 1540 2850 ab
1564 2792 1772 2872 haereticiS,
1803 2813 1868 2854 cun

144 2949 206 2991 eos
230 2948 294 3010 pro
317 2928 409 2989 virili
433 2936 534 3008 parte
558 2926 775 3008 reprimeret,
804 2932 883 3005 1483
909 2926 1047 2989 occisus
1064 2930 1142 2989 est?
1157 2926 1179 3007 ⁶)
1220 2926 1378 2990 Ostrovii
1396 2946 1537 3008 quoque
1555 2928 1711 2990 animum
1727 2930 1867 2993 redinte

144 3077 283 3149 gratum
316 3086 395 3128 esse
428 3085 473 3127 ex
506 3085 548 3127 eo
580 3066 713 3144 elucet,
749 3067 844 3145 quod
868 3066 1037 3127 NIcolaus
1064 3067 1195 3145 abbas,
1228 3075 1265 3126 ut
1291 3065 1439 3127 concilio
1471 3069 1766 3148 presbyterorum
1803 3073 1868 3145 146}

144 3205 266 3267 habito
290 3215 483 3285 praeesset,
508 3212 657 3264 vocatus
680 3212 735 3264 est
751 3204 784 3282 ⁷).

274 3343 353 3423 Quo
366 3342 483 3404 animo
499 3341 625 3402 imbuti
639 3340 863 3403 Benedictini
876 3341 1077 3421 Bohemiae,
1088 3341 1280 3421 Moraviae,
1291 3340 1440 3403 Silesiae
1458 3343 1562 3404 etiam
1578 3345 1722 3406 saeculo
1742 3348 1868 3409 decim<

144 3493 247 3545 sexto
271 3492 307 3545 et
330 3483 473 3544 ineunte
498 3482 634 3543 decimo
658 3481 810 3563 septimo
842 3501 887 3542 ex
919 3488 1144 3561 tempestate,
1177 3500 1247 3561 qua
1270 3480 1484 3541 monasteria
1507 3491 1656 3560 propter
1677 3495 1865 3563 protestari

143 3622 285 3683 tismum
308 3622 363 3683 his
391 3622 426 3683 in
454 3620 557 3683 terris
586 3620 807 3701 divulgatum
838 3620 1077 3700 iactabantur,
1109 3618 1260 3681 feliciter
1292 3629 1520 3681 emerserunt.
1567 3618 1795 3701 Quamquam
1825 3624 1868 3684 hir

144 3780 284 3843 quoque
309 3762 483 3841 quaedam
508 3779 605 3820 arma
628 3758 729 3821 navis
752 3759 822 3820 iam
846 3767 952 3820 antea
976 3757 1141 3820 adflictae
1165 3757 1418 3820 deiciebantun

272 3901 327 3963 Ita
350 3899 629 3979 Neumarktium,
654 3919 697 3960 ne
721 3898 756 3959 in
780 3897 1041 3980 possessionem
1066 3896 1248 3976 Friderici,
1281 3895 1381 3957 ducis
1410 3897 1454 3957 de
1482 3895 1644 3977 Liegnitz
1678 3906 1868 3977 protestari·

141 4039 246 4101 tismo
266 4037 409 4117 addicti,
427 4037 551 4116 abiret,
576 4036 745 4117 episcopo
762 4034 1034 4097 Vratislaviensi
1058 4037 1104 4095 ab
1128 4035 1259 4095 abbate
1284 4043 1339 4094 est
1356 4053 1571 4095 concessum.
1605 4033 1684 4113 Qua
1710 4055 1749 4097 re
1767 4036 1868 4098 omnis

142 4177 309 4238 memoria
333 4173 533 4256 Opatovici,
557 4173 760 4235 monasterii
784 4174 961 4253 quondam
983 4171 1233 4251 florentissimi,
1258 4170 1416 4233 extincta
1440 4180 1508 4250 est,
1541 4191 1620 4232 cum
1645 4174 1763 4236 altera
1787 4174 1868 4236 eius·

142 4314 221 4374 dem
238 4313 486 4395 praepositura
498 4312 778 4379 Wahlstadtium
794 4311 863 4372 iam
881 4312 1018 4373 duobus
1035 4309 1136 4371 annis
1152 4319 1235 4371 ante
1256 4309 1424 4370 laicorum
1441 4308 1537 4371 facta
1555 4319 1653 4372 esset
1668 4309 1703 4392 ⁸).
1743 4313 1868 4375 Eadem

149 4505 453 4512 =v-——-——

282 4636 292 4715 )
316 4637 461 4705 Schaller,
486 4636 708 4712 'l‘opographie
733 4653 792 4688 von
817 4633 949 4688 Bdhmen
974 4634 991 4688 l.
1017 4653 1042 4688 c.

281 4748 291 4826 )
315 4751 406 4806 Frind
430 4751 447 4805 l.
473 4771 498 4806 c.
525 4751 574 4806 IV.

270 4861 291 4937 ³)
317 4863 407 4917 Frind
432 4863 449 4918 l.
475 4882 500 4917 c.
526 4862 575 4917 IV.

270 4971 291 5051 ⁴)
316 4975 406 5029 Frind
431 4975 448 5029 l.
475 4994 500 5029 c.
525 4975 575 5029 IV.

272 4647 279 4672 1

270 4756 279 4782 2

270 5092 280 5129 ⁵
315 5086 405 5141 Frind
431 5088 448 5141 l.
474 5106 498 5142 c.
524 5087 573 5141 IV.
600 5096 628 5138 et
652 5083 823 5138 Chronicon
849 5083 996 5134 Bicvnor.

269 5193 281 5229 ⁶
315 5199 405 5252 Frind
430 5199 447 5252 l.
474 5217 498 5252 c.
524 5199 573 5252 IV.
599 5209 629 5250 et
653 5196 825 5250 Chronicon
849 5194 998 5246 Bievnov.

269 5308 290 5385 7)
314 5310 404 5364 Frind
430 5310 447 5364 l.
473 5329 497 5364 c.
523 5311 572 5365 IV.
597 5322 626 5363 et
651 5307 823 5362 Chronicon
847 5305 996 5358 Blcvnov.

270 5416 292 5497 ⁸)
316 5422 422 5493 Ileyne
446 5421 464 5474 1.
489 5439 515 5474 c,
540 5420 589 5474 IV.
