4088 6270
892 523 939 530 -
998 479 1176 568 480-

249 679 376 775 Tiray
395 691 538 753 Benno
556 690 781 753 Mauritius
804 689 994 772 (Raigra-

163 808 350 890 diensis),
363 808 777 891 Magno-Bitteschensis
787 818 892 871 natus
901 828 995 870 anno

167 935 247 992 1818
265 931 322 993 die
343 952 390 993 11.
408 931 507 1012 Sept.
532 931 661 993 Primis
682 931 880 993 litterarum
902 929 996 992 rudi·

163 1052 291 1115 mentis
308 1053 343 1115 in
359 1054 481 1115 schola
497 1053 627 1115 triviali
649 1053 744 1114 domi
765 1072 830 1134 per
851 1053 995 1114 charum

162 1186 348 1256 parentem
365 1195 477 1256 suum,
501 1175 560 1256 qui
576 1175 624 1238 Μ.
642 1173 830 1237 Bitteschii
846 1175 995 1235 ludima-

163 1297 265 1378 gistri
277 1296 395 1359 officio
407 1297 634 1378 fungebatur,
654 1296 809 1357 imbutus
827 1307 935 1376 atque
949 1296 995 1356 ab

163 1421 288 1480 eodem
318 1420 424 1482 etiam
451 1420 606 1481 musicae
635 1420 811 1480 elementa
836 1419 994 1496 edoctus,

163 1560 246 1602 mox
263 1541 388 1603 docilis
405 1560 493 1621 puer
509 1560 602 1602 anno
624 1545 704 1617 1810
721 1540 757 1601 111
774 1559 906 1622 pagum
921 1539 993 1600 Un-

164 1662 419 1724 ter-Danowitz
449 1662 593 1744 linguae
628 1660 862 1723 Germanicae
894 1660 993 1722 addi-

163 1783 317 1845 scendae
332 1803 440 1845 causa
452 1783 616 1854 mittitur;
633 1803 712 1845 cum
725 1802 810 1844 vero
824 1791 994 1862 parentes

163 1914 199 1967 et
209 1903 369 1966 discendi
382 1922 537 1965 amorem
547 1915 583 1966 et
591 1904 799 1967 facultatem
810 1902 994 1984 egregiam

162 2029 395 2088 observarent
411 2026 445 2088 in
461 2025 534 2088 filio
551 2027 728 2106 adamato,
752 2026 878 2087 eodem
902 2045 995 2087 anno

162 2166 283 2208 mense
298 2145 445 2210 Octobri
462 2147 667 2209 Mauritium
681 2148 838 2210 Brunam
852 2147 996 2209 mittunt

161 2269 208 2330 ad
225 2269 342 2331 studia
359 2269 560 2331 delibanda.
586 2269 665 2350 Qua
686 2279 810 2332 cantor
827 2268 995 2351 egregius

163 2401 199 2454 et
221 2391 374 2453 musicus
393 2391 427 2452 in
444 2389 654 2453 fundatione
674 2411 786 2473 penes
808 2390 996 2454 ecclesiam

163 2534 189 2577 s.
207 2512 329 2575 Iacobi
346 2513 586 2594 provisionem
603 2514 749 2595 invenit,
772 2533 850 2575 cum
868 2532 995 2595 paren-

162 2645 236 2698 tum
249 2656 331 2698 aere
341 2636 403 2697 vix
414 2635 606 2698 sustentari
619 2636 796 2716 potuisset
809 2635 844 2697 in
857 2636 994 2698 studiis.

162 2757 216 2819 Ibi
244 2767 395 2838 quatuor
422 2777 534 2819 annos
563 2757 754 2839 transegit,
787 2759 995 2838 complexus

162 2879 303 2940 tertiam
320 2879 470 2940 classem
484 2880 678 2941 normalem
695 2889 840 2960 tresque
857 2878 994 2960 priores

163 3000 295 3062 classes
324 3001 620 3082 grammaticales.
654 3002 834 3064 Absoluto
863 3001 994 3063 ibidem

162 3123 307 3204 syntaxi
324 3134 360 3184 et
375 3122 644 3185 humanioribus
661 3123 789 3186 studiis
806 3143 885 3186 sese
903 3125 994 3185 ultra

162 3246 207 3307 ad
234 3245 493 3326 philosophiam
522 3247 684 3328 contulit,
716 3266 786 3328 qua
817 3246 993 3308 eminente

162 3387 241 3429 curn
258 3386 451 3449 progressu
467 3368 632 3429 absoluta
650 3389 756 3449 quum
775 3368 810 3430 in
827 3388 869 3429 eo
887 3378 992 3447 esset,

162 3497 199 3550 ut
216 3488 260 3549 de
278 3488 444 3570 eligendo
462 3500 559 3550 statu
580 3490 672 3551 serio
695 3490 886 3572 cogitaret:
912 3509 993 3551 con-

161 3611 275 3673 silium
292 3613 387 3692 quod
409 3611 478 3672 iam
501 3614 645 3693 dudum,
671 3613 833 3694 quamvis
858 3612 994 3674 dissua-

161 3733 327 3795 dentibus
343 3731 541 3796 fautoribus
564 3734 712 3816 ipsaque
734 3745 846 3796 matre
869 3752 994 3795 conce·

160 3865 272 3934 perat,
289 3855 526 3936 amplectendi
543 3865 674 3918 statum
689 3855 895 3937 religiosum
910 3874 992 3916 exe-

160 3987 305 4037 cuturus
322 3976 558 4058 Raigradium
576 3989 755 4059 properat,
778 3997 843 4058 pro
864 3977 993 4038 admis-

159 4098 258 4159 sione
275 4101 320 4159 ad
337 4099 553 4178 palaestram
569 4099 834 4161 benedictinam
849 4119 874 4177 7.
892 4098 990 4180 Sept.

165 4224 244 4281 1838
258 4221 388 4301 pulsat,
406 4233 441 4282 et
454 4221 669 4283 resolutione
683 4221 825 4283 abbatis
835 4221 991 4283 Victoris

159 4342 215 4403 die
238 4346 283 4403 15.
302 4342 461 4403 eiusdem
479 4363 522 4403 m.
541 4343 646 4404 ianua
667 4343 826 4424 aperitur
851 4342 991 4406 florenti

160 4463 287 4543 iuveni,
306 4464 366 4544 qui
382 4475 484 4525 veste
500 4465 728 4526 benedictina
752 4486 802 4543 zo.
819 4463 915 4544 Sept.
932 4486 989 4528 ac·

159 4596 273 4665 cepta,
290 4586 488 4647 tirocinium
503 4607 652 4648 exorsus
665 4597 719 4649 est
732 4588 904 4669 magistro
918 4588 989 4668 spi·

157 4706 275 4768 rituali
292 4707 330 4768 P.
348 4708 481 4769 Ioanne
498 4707 603 4789 Bapt.
621 4707 740 4769 Muck.
774 4708 861 4770 Cum
883 4728 988 4770 voca·

157 4828 253 4891 tione
277 4828 461 4911 religiosa,
490 4832 650 4909 perbona
676 4830 810 4912 indole,
836 4840 871 4892 et
895 4831 988 4892 litte·

157 4970 272 5010 rarum
289 4969 408 5012 amore
425 4953 598 5030 probatus
615 4950 780 5013 inventus
792 4951 908 5032 fuerit,
926 4953 987 5012 ab·

157 5071 273 5133 soluto
290 5072 463 5132 novitiatu
477 5071 632 5132 Brunam
649 5072 798 5134 mittitur
810 5074 856 5134 ad
870 5073 988 5135 studia

157 5193 358 5274 theologica
375 5193 574 5256 inchoanda
588 5204 623 5255 et
637 5195 801 5256 absoluto
820 5200 984 5272 1841-42

157 5314 269 5393 primo
287 5325 322 5376 et
339 5317 494 5377 secundo
511 5316 714 5398 theologiae
732 5337 837 5378 cursu
858 5318 987 5379 admis-

157 5434 290 5497 sionem
308 5438 397 5499 ads.
415 5437 672 5516 professionem
689 5439 802 5520 petiit,
822 5439 887 5517 cui,
906 5458 986 5500 cum

1073 683 1228 765 legalem
1253 702 1394 764 quoque
1418 692 1575 746 aetatem
1603 684 1801 768 attigisset,
1822 687 1887 749 nihil

1075 806 1312 886 repugnabat.
1350 804 1518 869 Octobris
1542 807 1666 888 itaque
1694 807 1798 870 tertia
1826 814 1884 887 1841

1075 927 1224 988 solemni
1236 939 1400 990 votorum
1414 929 1683 1010 nuncupatione
1696 932 1888 993 monasterio

1074 1067 1114 1109 se
1131 1047 1323 1110 adstrinxit
1346 1058 1382 1111 et
1397 1060 1472 1111 tum
1494 1051 1612 1113 denuo
1629 1051 1788 1114 Brunam
1802 1054 1889 1115 mitti-

1074 1179 1131 1232 tur
1148 1171 1193 1231 ad
1211 1174 1497 1252 prosequendam
1521 1195 1548 1235 s.
1572 1174 1792 1257 theologiam
1814 1175 1889 1237 tertii

1075 1300 1111 1353 et
1128 1292 1245 1373 quarti
1261 1293 1353 1358 anni.
1378 1294 1465 1358 Cum
1486 1295 1522 1358 in
1538 1306 1617 1359 arte
1641 1297 1788 1378 musica,
1803 1317 1889 1378 quan

1074 1433 1095 1474 a
1111 1414 1265 1494 pueritia
1286 1416 1408 1497 coluit,
1438 1418 1656 1480 laudabilem
1681 1418 1807 1481 fecerit
1827 1439 1889 1499 pro

1073 1556 1246 1618 gressum,
1260 1548 1410 1618 accepta
1423 1539 1569 1619 insuper
1583 1544 1666 1618 1840
1679 1539 1889 1603 instructione

1074 1657 1109 1718 in
1123 1659 1281 1740 generali
1294 1661 1412 1741 basso,
1430 1679 1476 1722 ex
1492 1680 1563 1741 quo
1575 1671 1613 1723 et
1627 1680 1781 1724 examen
1792 1664 1889 1745 subiit

1074 1788 1113 1841 ut
1129 1781 1221 1842 ultra
1238 1781 1371 1844 coleret
1387 1791 1500 1844 artem
1512 1783 1699 1865 musicam,
1716 1804 1839 1847 novum
1853 1786 1889 1846 111-

1075 1909 1310 1964 strumentum
1326 1903 1527 1984 pianoforte
1546 1907 1593 1966 ab
1611 1907 1747 1968 abbate
1763 1908 1888 1989 accepit

1075 2021 1212 2086 Studiis
1229 2026 1442 2108 theologicis
1463 2031 1543 2105 1843
1559 2026 1673 2090 finitis
1690 2033 1720 2090 ὁ.
1737 2030 1828 2111 Aug.
1842 2032 1888 2091 hu·

1075 2145 1129 2207 ius
1147 2146 1348 2209 sacerdotio
1365 2147 1524 2210 initiatus
1542 2158 1597 2212 est
1610 2152 1657 2212 ab
1675 2151 1889 2214 illustrissimo

1075 2267 1216 2329 domino
1239 2268 1409 2350 episcopo
1432 2271 1610 2333 Brunensi
1626 2272 1788 2335 Antonio
1803 2274 1886 2336 Eme

1075 2399 1130 2452 sto
1148 2391 1276 2453 comite
1294 2411 1313 2452 e
1330 2389 1617 2474 Schaafgotsche
1634 2405 1673 2457 et
1690 2400 1737 2458 15.
1748 2397 1837 2478 Aug.
1848 2397 1889 2457 hic

1075 2511 1249 2592 primitias
1266 2513 1470 2575 celebravit.
1495 2514 1536 2576 In
1560 2516 1723 2596 capitulo
1745 2522 1794 2582 28.
1810 2515 1889 2599 Sept.

1081 2636 1158 2710 1843
1190 2653 1260 2713 qua
1287 2633 1536 2718 vice-regens
1564 2638 1783 2702 constitutus
1809 2640 1890 2702 simul

1075 2755 1391 2817 caeremoniarium
1403 2757 1546 2820 abbatis
1561 2759 1649 2841 egit.
1671 2766 1701 2823 3.
1714 2761 1815 2824 Febr.
1827 2761 1889 2823 anni

1079 2881 1160 2954 1844
1187 2879 1352 2939 absoluto
1374 2879 1414 2942 P.
1440 2879 1603 2943 Antonio
1630 2901 1654 2944 a
1678 2898 1890 2965 cooperatura

1073 2999 1113 3061 P.
1125 2998 1250 3061 Benno
1264 3001 1548 3080 cooperatoriam
1559 3002 1837 3068 iurisdictionem
1847 3024 1890 3066 ac·

1074 3120 1170 3201 cepit
1201 3141 1313 3201 penes
1342 3122 1530 3185 ecclesiam
1555 3127 1801 3205 parochialem
1823 3127 1889 3189 Rai-

1073 3243 1299 3324 gradiensem
1324 3255 1360 3306 et
1382 3245 1481 3308 initio
1504 3250 1584 3324 1845
1612 3248 1768 3311 mittitur
1782 3250 1888 3312 Doma-

1073 3365 1221 3443 sovium,
1239 3376 1277 3429 ut
1290 3366 1421 3428 ibidem
1435 3369 1561 3430 eodem
1575 3390 1725 3433 munere
1738 3392 1803 3454 per
1812 3372 1888 3433 bien-

1073 3487 1168 3548 nium
1192 3488 1411 3570 fungeretur.
1446 3490 1602 3553 Domum
1626 3495 1745 3555 redux
1768 3513 1888 3576 regens·

1074 3608 1171 3671 chori
1185 3619 1220 3672 et
1233 3610 1361 3674 iterato
1372 3622 1586 3693 cooperator
1599 3614 1805 3697 instituitur,
1816 3633 1888 3677 anno

1077 3734 1156 3793 1853
1186 3733 1231 3793 ad
1260 3732 1365 3795 finem
1394 3744 1568 3816 vergente
1598 3735 1748 3819 insuper
1774 3737 1886 3800 culinae

1073 3854 1277 3933 praefectus
1301 3866 1337 3917 et
1361 3856 1534 3939 provisor,
1564 3878 1636 3938 quo
1661 3858 1697 3921 in
1722 3856 1885 3940 posteriori

1072 3997 1217 4039 munere
1245 3976 1455 4041 affabilitate
1483 3999 1600 4061 aeque
1625 4001 1669 4043 ac
1694 3981 1884 4045 dexteritate

1072 4118 1137 4160 sua
1153 4098 1307 4162 omnium
1332 4101 1400 4162 sibi
1424 4101 1532 4183 longe
1550 4103 1700 4185 lateque
1717 4101 1883 4186 adquisivit

1071 4221 1366 4284 aestimationem.
1391 4223 1461 4285 Ast
1477 4223 1548 4285 iam
1561 4224 1648 4287 inde
1660 4228 1707 4288 ab
1721 4246 1809 4289 anno
1820 4228 1882 4299 1859

1071 4342 1208 4405 iteratis
1224 4343 1364 4406 vicibus
1381 4364 1426 4407 ex
1443 4346 1577 4427 hepate
1589 4348 1761 4411 laborans
1775 4348 1881 4410 frustra

1069 4484 1161 4526 anno
1191 4469 1269 4528 1868
1300 4466 1464 4529 sanitatis
1492 4472 1763 4549 recuperandae
1788 4467 1879 4552 gratia

1069 4587 1261 4650 Karolinas
1272 4589 1429 4651 thermas
1441 4589 1623 4672 visitabat,
1633 4594 1729 4673 unde
1742 4605 1878 4654 reversus

1068 4710 1341 4792 ingravescente
1362 4731 1503 4792 semper
1524 4715 1651 4776 morbo
1668 4711 1844 4796 Raigradii
1856 4732 1875 4785 4.

1067 4832 1140 4895 Ian.
1160 4836 1239 4910 1804
1256 4852 1459 4914 supremum
1473 4834 1587 4897 obivit
1601 4836 1708 4919 diem,
1721 4836 1834 4899 merito
1843 4832 1875 4892 ab

1067 4955 1199 5016 abbate
1217 4974 1281 5016 suo
1299 4974 1433 5017 coaevo
1446 4975 1561 5036 aeque
1574 4977 1618 5020 ac
1631 4979 1654 5020 a
1666 4955 1874 5022 confratribus

1067 5074 1220 5137 lacrimis
1245 5075 1408 5157 iustoque
1434 5079 1659 5158 comploratu
1683 5087 1872 5162 prosecutus.

1154 5195 1324 5277 Sequitur
1347 5198 1456 5260 index
1482 5198 1639 5262 omnium
1660 5201 1702 5263 P.
1724 5194 1872 5264 Bennonis

1067 5318 1175 5400 Tiray
1192 5319 1497 5400 compositionum.
1515 5341 1610 5402 quae
1623 5323 1660 5385 in
1673 5324 1809 5386 archivo
1820 5336 1871 5380 11111·

1068 5439 1167 5502 sicali
1185 5443 1281 5522 apud
1298 5462 1363 5504 nos
1380 5444 1635 5506 adservantur:
