<?xml version="1.0" encoding="UTF-8"?>
<!DOCTYPE html PUBLIC "-//W3C//DTD XHTML 1.0 Transitional//EN"
    "http://www.w3.org/TR/xhtml1/DTD/xhtml1-transitional.dtd">
<html xmlns="http://www.w3.org/1999/xhtml" xml:lang="en" lang="en">
 <head>
  <title>
</title>
<meta http-equiv="Content-Type" content="text/html;charset=utf-8" />
  <meta name='ocr-system' content='tesseract 3.04.00' />
  <meta name='ocr-capabilities' content='ocr_page ocr_carea ocr_par ocr_line ocrx_word'/>
</head>
<body>
  <div class='ocr_page' id='page_1' title='image "./scriptoresordin00benegoog_0163.png"; bbox 0 0 4034 6262; ppageno 0'>
   <div class='ocr_carea' id='block_1_1' title="bbox 999 461 1248 530">
    <p class='ocr_par' dir='ltr' id='par_1_1' title="bbox 999 461 1248 530">
     <span class='ocr_line' id='line_1_1' title="bbox 999 461 1248 530; baseline 0.004 -37"><span class='ocrx_word' id='word_1_1' title='bbox 999 461 1248 530; x_wconf 62' lang='lat'>..30-</span> 
     </span>
    </p>
   </div>
   <div class='ocr_carea' id='block_1_2' title="bbox 207 645 1084 3160">
    <p class='ocr_par' dir='ltr' id='par_1_2' title="bbox 207 645 1084 3160">
     <span class='ocr_line' id='line_1_2' title="bbox 250 645 1082 728; baseline -0.002 -17"><span class='ocrx_word' id='word_1_2' title='bbox 250 649 286 712; x_wconf 91' lang='lat' dir='ltr'>in</span> <span class='ocrx_word' id='word_1_3' title='bbox 307 649 449 712; x_wconf 90' lang='lat' dir='ltr'>adnexu</span> <span class='ocrx_word' id='word_1_4' title='bbox 469 645 614 728; x_wconf 90' lang='lat' dir='ltr'>hospitii</span> <span class='ocrx_word' id='word_1_5' title='bbox 639 646 827 709; x_wconf 90' lang='lat' dir='ltr'>ecclesiam</span> <span class='ocrx_word' id='word_1_6' title='bbox 851 656 908 709; x_wconf 90' lang='lat' dir='ltr'>sat</span> <span class='ocrx_word' id='word_1_7' title='bbox 927 646 1082 726; x_wconf 88' lang='lat' dir='ltr'><strong>amplam</strong></span> 
     </span>
     <span class='ocr_line' id='line_1_3' title="bbox 207 750 1082 850; baseline -0.005 -16"><span class='ocrx_word' id='word_1_8' title='bbox 207 750 212 757; x_wconf 40' lang='lat'>⁸</span> <span class='ocrx_word' id='word_1_9' title='bbox 250 772 286 834; x_wconf 92' lang='lat' dir='ltr'>in</span> <span class='ocrx_word' id='word_1_10' title='bbox 316 773 483 834; x_wconf 92' lang='lat' dir='ltr'>honorem</span> <span class='ocrx_word' id='word_1_11' title='bbox 513 768 555 831; x_wconf 93' lang='lat' dir='ltr'>B.</span> <span class='ocrx_word' id='word_1_12' title='bbox 586 768 634 831; x_wconf 92' lang='lat' dir='ltr'>M.</span> <span class='ocrx_word' id='word_1_13' title='bbox 662 767 705 830; x_wconf 96' lang='lat' dir='ltr'>V.</span> <span class='ocrx_word' id='word_1_14' title='bbox 735 767 928 850; x_wconf 87' lang='lat' dir='ltr'>gratiarum</span> <span class='ocrx_word' id='word_1_15' title='bbox 960 766 1082 831; x_wconf 89' lang='lat' dir='ltr'>matris</span> 
     </span>
     <span class='ocr_line' id='line_1_4' title="bbox 249 888 1084 956; baseline -0.005 0"><span class='ocrx_word' id='word_1_16' title='bbox 249 914 272 956; x_wconf 93' lang='lat' dir='ltr'>a</span> <span class='ocrx_word' id='word_1_17' title='bbox 297 890 538 955; x_wconf 86' lang='lat' dir='ltr'>fundamentis</span> <span class='ocrx_word' id='word_1_18' title='bbox 566 888 833 953; x_wconf 88' lang='lat' dir='ltr'>aedificandam.</span> <span class='ocrx_word' id='word_1_19' title='bbox 867 888 955 953; x_wconf 88' lang='lat' dir='ltr'>Cum</span> <span class='ocrx_word' id='word_1_20' title='bbox 982 890 1084 953; x_wconf 86' lang='lat' dir='ltr'>brevi</span> 
     </span>
     <span class='ocr_line' id='line_1_5' title="bbox 249 1011 1082 1096; baseline -0.007 -17"><span class='ocrx_word' id='word_1_21' title='bbox 249 1026 411 1096; x_wconf 89' lang='lat' dir='ltr'>tempore</span> <span class='ocrx_word' id='word_1_22' title='bbox 427 1012 557 1095; x_wconf 91' lang='lat' dir='ltr'>partim</span> <span class='ocrx_word' id='word_1_23' title='bbox 569 1011 771 1093; x_wconf 87' lang='lat' dir='ltr'>sumptibus</span> <span class='ocrx_word' id='word_1_24' title='bbox 783 1011 1082 1095; x_wconf 88' lang='lat' dir='ltr'>congregationis,</span> 
     </span>
     <span class='ocr_line' id='line_1_6' title="bbox 249 1133 1083 1219; baseline -0.004 -20"><span class='ocrx_word' id='word_1_25' title='bbox 249 1136 379 1219; x_wconf 90' lang='lat' dir='ltr'>partim</span> <span class='ocrx_word' id='word_1_26' title='bbox 402 1154 488 1198; x_wconf 89' lang='lat' dir='ltr'>vero</span> <span class='ocrx_word' id='word_1_27' title='bbox 513 1133 681 1196; x_wconf 89' lang='lat' dir='ltr'>subsidiis</span> <span class='ocrx_word' id='word_1_28' title='bbox 704 1133 972 1197; x_wconf 90' lang='lat' dir='ltr'>benefactorum</span> <span class='ocrx_word' id='word_1_29' title='bbox 993 1153 1083 1217; x_wconf 91' lang='lat' dir='ltr'>opus</span> 
     </span>
     <span class='ocr_line' id='line_1_7' title="bbox 250 1254 1084 1337; baseline -0.006 -15"><span class='ocrx_word' id='word_1_30' title='bbox 250 1257 502 1322; x_wconf 86' lang='lat' dir='ltr'>exstructionis</span> <span class='ocrx_word' id='word_1_31' title='bbox 524 1257 650 1319; x_wconf 91' lang='lat' dir='ltr'>domus</span> <span class='ocrx_word' id='word_1_32' title='bbox 667 1275 790 1319; x_wconf 89' lang='lat' dir='ltr'>sacrae</span> <span class='ocrx_word' id='word_1_33' title='bbox 811 1257 857 1317; x_wconf 92' lang='lat' dir='ltr'>ad</span> <span class='ocrx_word' id='word_1_34' title='bbox 876 1254 982 1318; x_wconf 92' lang='lat' dir='ltr'>finem</span> <span class='ocrx_word' id='word_1_35' title='bbox 1005 1275 1084 1337; x_wconf 89' lang='lat' dir='ltr'>per-</span> 
     </span>
     <span class='ocr_line' id='line_1_8' title="bbox 250 1377 1083 1460; baseline -0.002 -17"><span class='ocrx_word' id='word_1_36' title='bbox 250 1381 395 1443; x_wconf 90' lang='lat' dir='ltr'>ductum</span> <span class='ocrx_word' id='word_1_37' title='bbox 415 1378 550 1460; x_wconf 81' lang='lat' dir='ltr'>suisset,</span> <span class='ocrx_word' id='word_1_38' title='bbox 575 1377 727 1460; x_wconf 86' lang='lat' dir='ltr'>ipsemet</span> <span class='ocrx_word' id='word_1_39' title='bbox 743 1378 999 1441; x_wconf 85' lang='lat' dir='ltr'>illustrissimus</span> <span class='ocrx_word' id='word_1_40' title='bbox 1022 1379 1083 1441; x_wconf 92' lang='lat' dir='ltr'>do-</span> 
     </span>
     <span class='ocr_line' id='line_1_9' title="bbox 249 1499 1083 1581; baseline -0.001 -18"><span class='ocrx_word' id='word_1_41' title='bbox 249 1501 366 1564; x_wconf 90' lang='lat' dir='ltr'>minus</span> <span class='ocrx_word' id='word_1_42' title='bbox 382 1519 421 1562; x_wconf 89' lang='lat' dir='ltr'>se</span> <span class='ocrx_word' id='word_1_43' title='bbox 430 1499 605 1581; x_wconf 89' lang='lat' dir='ltr'>Tergeste</span> <span class='ocrx_word' id='word_1_44' title='bbox 622 1499 769 1561; x_wconf 92' lang='lat' dir='ltr'>contulit</span> <span class='ocrx_word' id='word_1_45' title='bbox 781 1507 817 1562; x_wconf 90' lang='lat' dir='ltr'>et</span> <span class='ocrx_word' id='word_1_46' title='bbox 829 1518 958 1562; x_wconf 90' lang='lat' dir='ltr'>novam</span> <span class='ocrx_word' id='word_1_47' title='bbox 971 1501 1083 1562; x_wconf 90' lang='lat' dir='ltr'>eccle·</span> 
     </span>
     <span class='ocr_line' id='line_1_10' title="bbox 250 1619 1081 1684; baseline 0.001 -1"><span class='ocrx_word' id='word_1_48' title='bbox 250 1621 338 1684; x_wconf 91' lang='lat' dir='ltr'>siam</span> <span class='ocrx_word' id='word_1_49' title='bbox 355 1621 584 1683; x_wconf 85' lang='lat' dir='ltr'>sollemnibus</span> <span class='ocrx_word' id='word_1_50' title='bbox 601 1619 823 1683; x_wconf 86' lang='lat' dir='ltr'>caerimoniis</span> <span class='ocrx_word' id='word_1_51' title='bbox 848 1621 1081 1684; x_wconf 91' lang='lat' dir='ltr'>consecravit.</span> 
     </span>
     <span class='ocr_line' id='line_1_11' title="bbox 250 1741 1081 1824; baseline -0.001 -18"><span class='ocrx_word' id='word_1_52' title='bbox 250 1743 356 1806; x_wconf 86' lang='lat' dir='ltr'>Anno</span> <span class='ocrx_word' id='word_1_53' title='bbox 377 1746 456 1821; x_wconf 76' lang='lat'>1809</span> <span class='ocrx_word' id='word_1_54' title='bbox 474 1742 541 1806; x_wconf 91' lang='lat' dir='ltr'>iter</span> <span class='ocrx_word' id='word_1_55' title='bbox 555 1741 641 1805; x_wconf 88' lang='lat' dir='ltr'>fecit</span> <span class='ocrx_word' id='word_1_56' title='bbox 657 1741 1009 1824; x_wconf 85' lang='lat' dir='ltr'>Constantinopolim,</span> <span class='ocrx_word' id='word_1_57' title='bbox 1032 1742 1081 1805; x_wconf 90' lang='lat' dir='ltr'>in-</span> 
     </span>
     <span class='ocr_line' id='line_1_12' title="bbox 249 1863 1081 1944; baseline -0.001 -17"><span class='ocrx_word' id='word_1_58' title='bbox 249 1864 383 1928; x_wconf 89' lang='lat' dir='ltr'>vitatus</span> <span class='ocrx_word' id='word_1_59' title='bbox 405 1884 426 1926; x_wconf 95' lang='lat' dir='ltr'>a</span> <span class='ocrx_word' id='word_1_60' title='bbox 448 1863 651 1944; x_wconf 89' lang='lat' dir='ltr'>patriarcha</span> <span class='ocrx_word' id='word_1_61' title='bbox 670 1863 767 1926; x_wconf 86' lang='lat' dir='ltr'>Arm.</span> <span class='ocrx_word' id='word_1_62' title='bbox 789 1864 892 1944; x_wconf 76' lang='lat' dir='ltr'>cath,</span> <span class='ocrx_word' id='word_1_63' title='bbox 917 1873 955 1926; x_wconf 92' lang='lat' dir='ltr'>ut</span> <span class='ocrx_word' id='word_1_64' title='bbox 971 1865 1081 1927; x_wconf 88' lang='lat' dir='ltr'>adve-</span> 
     </span>
     <span class='ocr_line' id='line_1_13' title="bbox 249 1984 1080 2067; baseline 0 -19"><span class='ocrx_word' id='word_1_65' title='bbox 249 1985 341 2048; x_wconf 86' lang='lat' dir='ltr'>niret</span> <span class='ocrx_word' id='word_1_66' title='bbox 356 1986 494 2067; x_wconf 91' lang='lat' dir='ltr'>synodo</span> <span class='ocrx_word' id='word_1_67' title='bbox 510 1984 689 2065; x_wconf 80' lang='lat' dir='ltr'>nationali,</span> <span class='ocrx_word' id='word_1_68' title='bbox 711 2004 816 2066; x_wconf 92' lang='lat' dir='ltr'>quam</span> <span class='ocrx_word' id='word_1_69' title='bbox 833 1984 911 2067; x_wconf 89' lang='lat' dir='ltr'>ipse</span> <span class='ocrx_word' id='word_1_70' title='bbox 931 1985 1080 2065; x_wconf 91' lang='lat' dir='ltr'>patriar-</span> 
     </span>
     <span class='ocr_line' id='line_1_14' title="bbox 251 2105 1080 2188; baseline 0 -18"><span class='ocrx_word' id='word_1_71' title='bbox 251 2109 317 2170; x_wconf 91' lang='lat' dir='ltr'>cha</span> <span class='ocrx_word' id='word_1_72' title='bbox 329 2127 375 2169; x_wconf 88' lang='lat' dir='ltr'>ex</span> <span class='ocrx_word' id='word_1_73' title='bbox 388 2106 460 2169; x_wconf 91' lang='lat' dir='ltr'>suis</span> <span class='ocrx_word' id='word_1_74' title='bbox 474 2106 760 2187; x_wconf 88' lang='lat' dir='ltr'>archiepiscopis,</span> <span class='ocrx_word' id='word_1_75' title='bbox 775 2105 955 2188; x_wconf 90' lang='lat' dir='ltr'>episcopis</span> <span class='ocrx_word' id='word_1_76' title='bbox 970 2116 1006 2170; x_wconf 89' lang='lat' dir='ltr'>et</span> <span class='ocrx_word' id='word_1_77' title='bbox 1018 2109 1080 2170; x_wconf 94' lang='lat' dir='ltr'>ab·</span> 
     </span>
     <span class='ocr_line' id='line_1_15' title="bbox 249 2228 1080 2293; baseline 0.002 -2"><span class='ocrx_word' id='word_1_78' title='bbox 249 2229 393 2291; x_wconf 92' lang='lat' dir='ltr'>batibus</span> <span class='ocrx_word' id='word_1_79' title='bbox 409 2238 646 2291; x_wconf 86' lang='lat' dir='ltr'>conventuum</span> <span class='ocrx_word' id='word_1_80' title='bbox 666 2229 757 2290; x_wconf 93' lang='lat' dir='ltr'>cath.</span> <span class='ocrx_word' id='word_1_81' title='bbox 776 2228 1012 2292; x_wconf 84' lang='lat' dir='ltr'>Armenorum</span> <span class='ocrx_word' id='word_1_82' title='bbox 1033 2231 1080 2293; x_wconf 93' lang='lat' dir='ltr'>ad</span> 
     </span>
     <span class='ocr_line' id='line_1_16' title="bbox 250 2347 1081 2414; baseline 0.002 -2"><span class='ocrx_word' id='word_1_83' title='bbox 250 2368 306 2412; x_wconf 91' lang='lat' dir='ltr'>res</span> <span class='ocrx_word' id='word_1_84' title='bbox 334 2349 597 2413; x_wconf 89' lang='lat' dir='ltr'>ecclesiasticas</span> <span class='ocrx_word' id='word_1_85' title='bbox 627 2347 780 2411; x_wconf 90' lang='lat' dir='ltr'>nationis</span> <span class='ocrx_word' id='word_1_86' title='bbox 812 2350 1081 2414; x_wconf 89' lang='lat' dir='ltr'>constituendas</span> 
     </span>
     <span class='ocr_line' id='line_1_17' title="bbox 249 2472 1082 2553; baseline 0 -19"><span class='ocrx_word' id='word_1_87' title='bbox 249 2480 520 2535; x_wconf 84' lang='lat' dir='ltr'>convocaverat.</span> <span class='ocrx_word' id='word_1_88' title='bbox 554 2508 597 2518; x_wconf 92' lang='lat'>-</span> <span class='ocrx_word' id='word_1_89' title='bbox 627 2472 733 2534; x_wconf 91' lang='lat' dir='ltr'>Anno</span> <span class='ocrx_word' id='word_1_90' title='bbox 757 2472 990 2553; x_wconf 91' lang='lat' dir='ltr'>subsequenti</span> <span class='ocrx_word' id='word_1_91' title='bbox 1014 2473 1082 2536; x_wconf 89' lang='lat' dir='ltr'>iter</span> 
     </span>
     <span class='ocr_line' id='line_1_18' title="bbox 248 2591 1080 2658; baseline 0.002 -3"><span class='ocrx_word' id='word_1_92' title='bbox 248 2591 334 2655; x_wconf 88' lang='lat' dir='ltr'>fecit</span> <span class='ocrx_word' id='word_1_93' title='bbox 363 2593 518 2656; x_wconf 90' lang='lat' dir='ltr'>Romam</span> <span class='ocrx_word' id='word_1_94' title='bbox 563 2593 750 2656; x_wconf 89' lang='lat' dir='ltr'>occasione</span> <span class='ocrx_word' id='word_1_95' title='bbox 795 2592 934 2656; x_wconf 91' lang='lat' dir='ltr'>concilii</span> <span class='ocrx_word' id='word_1_96' title='bbox 976 2614 1080 2658; x_wconf 90' lang='lat' dir='ltr'>oecu-</span> 
     </span>
     <span class='ocr_line' id='line_1_19' title="bbox 249 2713 1081 2795; baseline 0.004 -19"><span class='ocrx_word' id='word_1_97' title='bbox 249 2713 376 2776; x_wconf 89' lang='lat' dir='ltr'>menici</span> <span class='ocrx_word' id='word_1_98' title='bbox 398 2713 574 2778; x_wconf 89' lang='lat' dir='ltr'>Vaticani.</span> <span class='ocrx_word' id='word_1_99' title='bbox 620 2713 794 2777; x_wconf 90' lang='lat' dir='ltr'>Viennam</span> <span class='ocrx_word' id='word_1_100' title='bbox 825 2716 956 2795; x_wconf 85' lang='lat' dir='ltr'>redux,</span> <span class='ocrx_word' id='word_1_101' title='bbox 988 2736 1081 2780; x_wconf 91' lang='lat' dir='ltr'>anno</span> 
     </span>
     <span class='ocr_line' id='line_1_20' title="bbox 254 2833 1080 2918; baseline 0.006 -22"><span class='ocrx_word' id='word_1_102' title='bbox 254 2839 329 2913; x_wconf 87' lang='lat'>1871</span> <span class='ocrx_word' id='word_1_103' title='bbox 357 2833 520 2898; x_wconf 89' lang='lat' dir='ltr'>aedificio</span> <span class='ocrx_word' id='word_1_104' title='bbox 535 2834 749 2916; x_wconf 88' lang='lat' dir='ltr'>monasterii,</span> <span class='ocrx_word' id='word_1_105' title='bbox 767 2835 835 2897; x_wconf 92' lang='lat' dir='ltr'>iam</span> <span class='ocrx_word' id='word_1_106' title='bbox 851 2856 873 2898; x_wconf 90' lang='lat' dir='ltr'>a</span> <span class='ocrx_word' id='word_1_107' title='bbox 893 2856 958 2898; x_wconf 93' lang='lat' dir='ltr'>suo</span> <span class='ocrx_word' id='word_1_108' title='bbox 979 2857 1080 2918; x_wconf 93' lang='lat' dir='ltr'>prae·</span> 
     </span>
     <span class='ocr_line' id='line_1_21' title="bbox 249 2956 1078 3037; baseline 0.008 -20"><span class='ocrx_word' id='word_1_109' title='bbox 249 2957 438 3019; x_wconf 88' lang='lat' dir='ltr'>decessore</span> <span class='ocrx_word' id='word_1_110' title='bbox 462 2956 615 3037; x_wconf 93' lang='lat' dir='ltr'>condito,</span> <span class='ocrx_word' id='word_1_111' title='bbox 639 2976 767 3019; x_wconf 80' lang='lat' dir='ltr'>novam</span> <span class='ocrx_word' id='word_1_112' title='bbox 791 2958 883 3020; x_wconf 92' lang='lat' dir='ltr'>alam</span> <span class='ocrx_word' id='word_1_113' title='bbox 907 2958 1078 3024; x_wconf 86' lang='lat' dir='ltr'>adiunxit.</span> 
     </span>
     <span class='ocr_line' id='line_1_22' title="bbox 249 3076 1080 3160; baseline 0.007 -21"><span class='ocrx_word' id='word_1_114' title='bbox 249 3076 383 3139; x_wconf 93' lang='lat' dir='ltr'>Eodem</span> <span class='ocrx_word' id='word_1_115' title='bbox 410 3076 485 3140; x_wconf 88' lang='lat' dir='ltr'>fere</span> <span class='ocrx_word' id='word_1_116' title='bbox 514 3087 675 3158; x_wconf 91' lang='lat' dir='ltr'>tempore</span> <span class='ocrx_word' id='word_1_117' title='bbox 701 3079 804 3160; x_wconf 90' lang='lat' dir='ltr'>(anno</span> <span class='ocrx_word' id='word_1_118' title='bbox 834 3081 926 3158; x_wconf 80' lang='lat'>1872)</span> <span class='ocrx_word' id='word_1_119' title='bbox 955 3083 1080 3146; x_wconf 92' lang='lat' dir='ltr'>habuit</span> 
     </span>
    </p>
   </div>
   <div class='ocr_carea' id='block_1_3' title="bbox 249 3199 1080 3283">
    <p class='ocr_par' dir='ltr' id='par_1_3' title="bbox 249 3199 1080 3283">
     <span class='ocr_line' id='line_1_23' title="bbox 249 3199 1080 3283; baseline 0.006 -23"><span class='ocrx_word' id='word_1_120' title='bbox 249 3218 423 3261; x_wconf 92' lang='lat' dir='ltr'>summum</span> <span class='ocrx_word' id='word_1_121' title='bbox 439 3199 608 3281; x_wconf 89' lang='lat' dir='ltr'>gaudium</span> <span class='ocrx_word' id='word_1_122' title='bbox 620 3202 666 3262; x_wconf 90' lang='lat' dir='ltr'>ad</span> <span class='ocrx_word' id='word_1_123' title='bbox 680 3199 843 3263; x_wconf 87' lang='lat' dir='ltr'>effectum</span> <span class='ocrx_word' id='word_1_124' title='bbox 860 3205 1080 3283; x_wconf 90' lang='lat' dir='ltr'>perducendi</span> 
     </span>
    </p>
   </div>
   <div class='ocr_carea' id='block_1_4' title="bbox 1159 643 1919 3282">
    <p class='ocr_par' dir='ltr' id='par_1_4' title="bbox 1159 643 1919 3282">
     <span class='ocr_line' id='line_1_24' title="bbox 1162 643 1919 713; baseline 0.004 -4"><span class='ocrx_word' id='word_1_125' title='bbox 1162 648 1230 709; x_wconf 91' lang='lat' dir='ltr'>hoc</span> <span class='ocrx_word' id='word_1_126' title='bbox 1257 643 1430 708; x_wconf 88' lang='lat' dir='ltr'>beneficio</span> <span class='ocrx_word' id='word_1_127' title='bbox 1458 645 1722 709; x_wconf 87' lang='lat' dir='ltr'>misericordiae</span> <span class='ocrx_word' id='word_1_128' title='bbox 1749 646 1821 709; x_wconf 89' lang='lat' dir='ltr'>eius</span> <span class='ocrx_word' id='word_1_129' title='bbox 1847 650 1919 713; x_wconf 89' lang='lat' dir='ltr'>obtul</span> 
     </span>
     <span class='ocr_line' id='line_1_25' title="bbox 1163 766 1919 849; baseline 0.005 -19"><span class='ocrx_word' id='word_1_130' title='bbox 1163 766 1386 849; x_wconf 82' lang='lat' dir='ltr'>Quamquam</span> <span class='ocrx_word' id='word_1_131' title='bbox 1414 767 1670 831; x_wconf 91' lang='lat' dir='ltr'>illustrissimus</span> <span class='ocrx_word' id='word_1_132' title='bbox 1695 767 1849 831; x_wconf 88' lang='lat' dir='ltr'>dominus</span> <span class='ocrx_word' id='word_1_133' title='bbox 1868 772 1919 834; x_wconf 86' lang='lat' dir='ltr'>abb</span> 
     </span>
     <span class='ocr_line' id='line_1_26' title="bbox 1163 888 1919 973; baseline 0.005 -23"><span class='ocrx_word' id='word_1_134' title='bbox 1163 889 1217 951; x_wconf 93' lang='lat' dir='ltr'>his</span> <span class='ocrx_word' id='word_1_135' title='bbox 1241 899 1278 951; x_wconf 91' lang='lat' dir='ltr'>et</span> <span class='ocrx_word' id='word_1_136' title='bbox 1298 888 1376 951; x_wconf 93' lang='lat' dir='ltr'>aliis</span> <span class='ocrx_word' id='word_1_137' title='bbox 1398 889 1688 972; x_wconf 88' lang='lat' dir='ltr'>congregationis</span> <span class='ocrx_word' id='word_1_138' title='bbox 1710 909 1795 952; x_wconf 89' lang='lat' dir='ltr'>suae</span> <span class='ocrx_word' id='word_1_139' title='bbox 1818 892 1919 973; x_wconf 85' lang='lat' dir='ltr'>gravib</span> 
     </span>
     <span class='ocr_line' id='line_1_27' title="bbox 1164 1009 1919 1093; baseline 0.007 -21"><span class='ocrx_word' id='word_1_140' title='bbox 1164 1009 1334 1093; x_wconf 89' lang='lat' dir='ltr'>negotiis,</span> <span class='ocrx_word' id='word_1_141' title='bbox 1365 1011 1519 1074; x_wconf 87' lang='lat' dir='ltr'>maxime</span> <span class='ocrx_word' id='word_1_142' title='bbox 1549 1011 1584 1073; x_wconf 91' lang='lat' dir='ltr'>in</span> <span class='ocrx_word' id='word_1_143' title='bbox 1618 1012 1818 1075; x_wconf 88' lang='lat' dir='ltr'>novissimis</span> <span class='ocrx_word' id='word_1_144' title='bbox 1844 1015 1919 1077; x_wconf 79' lang='lat' dir='ltr'>calar</span> 
     </span>
     <span class='ocr_line' id='line_1_28' title="bbox 1164 1132 1907 1215; baseline 0.004 -20"><span class='ocrx_word' id='word_1_145' title='bbox 1164 1142 1277 1196; x_wconf 89' lang='lat' dir='ltr'>tatum</span> <span class='ocrx_word' id='word_1_146' title='bbox 1307 1133 1527 1213; x_wconf 89' lang='lat' dir='ltr'>temporibus</span> <span class='ocrx_word' id='word_1_147' title='bbox 1555 1132 1686 1214; x_wconf 89' lang='lat' dir='ltr'>ubique</span> <span class='ocrx_word' id='word_1_148' title='bbox 1717 1134 1907 1215; x_wconf 89' lang='lat' dir='ltr'>praesertim</span> 
     </span>
     <span class='ocr_line' id='line_1_29' title="bbox 1165 1252 1919 1336; baseline 0.003 -19"><span class='ocrx_word' id='word_1_149' title='bbox 1165 1252 1311 1317; x_wconf 90' lang='lat' dir='ltr'>Oriente</span> <span class='ocrx_word' id='word_1_150' title='bbox 1326 1252 1562 1336; x_wconf 87' lang='lat' dir='ltr'>flagrantium,</span> <span class='ocrx_word' id='word_1_151' title='bbox 1579 1254 1639 1316; x_wconf 93' lang='lat' dir='ltr'>ubi</span> <span class='ocrx_word' id='word_1_152' title='bbox 1652 1255 1774 1335; x_wconf 93' lang='lat' dir='ltr'>plures</span> <span class='ocrx_word' id='word_1_153' title='bbox 1790 1275 1834 1318; x_wconf 85' lang='lat' dir='ltr'>ex</span> <span class='ocrx_word' id='word_1_154' title='bbox 1848 1257 1919 1320; x_wconf 81' lang='lat' dir='ltr'>suis</span> 
     </span>
     <span class='ocr_line' id='line_1_30' title="bbox 1163 1375 1919 1462; baseline 0.005 -25"><span class='ocrx_word' id='word_1_155' title='bbox 1163 1375 1300 1460; x_wconf 90' lang='lat' dir='ltr'>ligiosis</span> <span class='ocrx_word' id='word_1_156' title='bbox 1331 1375 1541 1439; x_wconf 89' lang='lat' dir='ltr'>missionarii</span> <span class='ocrx_word' id='word_1_157' title='bbox 1573 1396 1719 1439; x_wconf 90' lang='lat' dir='ltr'>munere</span> <span class='ocrx_word' id='word_1_158' title='bbox 1746 1376 1850 1440; x_wconf 85' lang='lat' dir='ltr'>vitam</span> <span class='ocrx_word' id='word_1_159' title='bbox 1877 1380 1919 1462; x_wconf 58' lang='lat' dir='ltr'>der</span> 
     </span>
     <span class='ocr_line' id='line_1_31' title="bbox 1162 1497 1919 1583; baseline 0.005 -25"><span class='ocrx_word' id='word_1_160' title='bbox 1162 1499 1267 1579; x_wconf 89' lang='lat' dir='ltr'>bant,</span> <span class='ocrx_word' id='word_1_161' title='bbox 1303 1499 1531 1561; x_wconf 90' lang='lat' dir='ltr'>vehementer</span> <span class='ocrx_word' id='word_1_162' title='bbox 1567 1497 1859 1583; x_wconf 85' lang='lat' dir='ltr'>distringebatur,</span> <span class='ocrx_word' id='word_1_163' title='bbox 1893 1521 1919 1562; x_wconf 80' lang='lat' dir='ltr'>nr</span> 
     </span>
     <span class='ocr_line' id='line_1_32' title="bbox 1162 1619 1919 1702; baseline 0 -20"><span class='ocrx_word' id='word_1_164' title='bbox 1162 1639 1267 1701; x_wconf 88' lang='lat' dir='ltr'>quam</span> <span class='ocrx_word' id='word_1_165' title='bbox 1291 1628 1411 1682; x_wconf 92' lang='lat' dir='ltr'>tamen</span> <span class='ocrx_word' id='word_1_166' title='bbox 1434 1619 1654 1702; x_wconf 85' lang='lat' dir='ltr'>neglegebat</span> <span class='ocrx_word' id='word_1_167' title='bbox 1680 1620 1813 1684; x_wconf 92' lang='lat' dir='ltr'>avitam</span> <span class='ocrx_word' id='word_1_168' title='bbox 1836 1620 1919 1702; x_wconf 63' lang='lat' dir='ltr'>discip</span> 
     </span>
     <span class='ocr_line' id='line_1_33' title="bbox 1162 1740 1919 1825; baseline 0.001 -22"><span class='ocrx_word' id='word_1_169' title='bbox 1162 1761 1229 1803; x_wconf 89' lang='lat' dir='ltr'>nae</span> <span class='ocrx_word' id='word_1_170' title='bbox 1255 1740 1473 1803; x_wconf 90' lang='lat' dir='ltr'>monasticae</span> <span class='ocrx_word' id='word_1_171' title='bbox 1501 1740 1805 1824; x_wconf 90' lang='lat' dir='ltr'>observationem,</span> <span class='ocrx_word' id='word_1_172' title='bbox 1840 1742 1919 1825; x_wconf 86' lang='lat' dir='ltr'>ipsen</span> 
     </span>
     <span class='ocr_line' id='line_1_34' title="bbox 1161 1861 1919 1943; baseline -0.001 -19"><span class='ocrx_word' id='word_1_173' title='bbox 1161 1861 1283 1925; x_wconf 91' lang='lat' dir='ltr'>stricte</span> <span class='ocrx_word' id='word_1_174' title='bbox 1300 1864 1426 1942; x_wconf 89' lang='lat' dir='ltr'>colere,</span> <span class='ocrx_word' id='word_1_175' title='bbox 1451 1881 1600 1943; x_wconf 91' lang='lat' dir='ltr'>eamque</span> <span class='ocrx_word' id='word_1_176' title='bbox 1617 1862 1691 1925; x_wconf 88' lang='lat' dir='ltr'>suis</span> <span class='ocrx_word' id='word_1_177' title='bbox 1708 1872 1854 1943; x_wconf 89' lang='lat' dir='ltr'>patemo</span> <span class='ocrx_word' id='word_1_178' title='bbox 1869 1885 1919 1926; x_wconf 69' lang='lat' dir='ltr'>am«</span> 
     </span>
     <span class='ocr_line' id='line_1_35' title="bbox 1162 1983 1919 2068; baseline 0.003 -22"><span class='ocrx_word' id='word_1_179' title='bbox 1162 1985 1418 2047; x_wconf 89' lang='lat' dir='ltr'>commendare.</span> <span class='ocrx_word' id='word_1_180' title='bbox 1452 1983 1657 2047; x_wconf 89' lang='lat' dir='ltr'>Conabatur</span> <span class='ocrx_word' id='word_1_181' title='bbox 1684 2004 1833 2068; x_wconf 90' lang='lat' dir='ltr'>quoque,</span> <span class='ocrx_word' id='word_1_182' title='bbox 1855 1995 1919 2048; x_wconf 88' lang='lat' dir='ltr'>uts</span> 
     </span>
     <span class='ocr_line' id='line_1_36' title="bbox 1162 2105 1909 2187; baseline 0.001 -20"><span class='ocrx_word' id='word_1_183' title='bbox 1162 2105 1257 2167; x_wconf 91' lang='lat' dir='ltr'>dium</span> <span class='ocrx_word' id='word_1_184' title='bbox 1279 2124 1402 2167; x_wconf 91' lang='lat' dir='ltr'>sacrae</span> <span class='ocrx_word' id='word_1_185' title='bbox 1422 2105 1625 2187; x_wconf 90' lang='lat' dir='ltr'>theologiae</span> <span class='ocrx_word' id='word_1_186' title='bbox 1648 2124 1735 2186; x_wconf 89' lang='lat' dir='ltr'>prae</span> <span class='ocrx_word' id='word_1_187' title='bbox 1758 2105 1909 2168; x_wconf 91' lang='lat' dir='ltr'>omnibus</span> 
     </span>
     <span class='ocr_line' id='line_1_37' title="bbox 1160 2226 1919 2307; baseline -0.001 -18"><span class='ocrx_word' id='word_1_188' title='bbox 1160 2227 1246 2289; x_wconf 92' lang='lat' dir='ltr'>teris</span> <span class='ocrx_word' id='word_1_189' title='bbox 1266 2248 1287 2289; x_wconf 83' lang='lat' dir='ltr'>a</span> <span class='ocrx_word' id='word_1_190' title='bbox 1310 2227 1383 2289; x_wconf 92' lang='lat' dir='ltr'>suis</span> <span class='ocrx_word' id='word_1_191' title='bbox 1407 2227 1513 2290; x_wconf 90' lang='lat' dir='ltr'>enixe</span> <span class='ocrx_word' id='word_1_192' title='bbox 1538 2228 1723 2290; x_wconf 91' lang='lat' dir='ltr'>coleretur.</span> <span class='ocrx_word' id='word_1_193' title='bbox 1757 2226 1919 2307; x_wconf 89' lang='lat' dir='ltr'>Nequaqu</span> 
     </span>
     <span class='ocr_line' id='line_1_38' title="bbox 1160 2347 1919 2429; baseline -0.005 -17"><span class='ocrx_word' id='word_1_194' title='bbox 1160 2359 1280 2412; x_wconf 91' lang='lat' dir='ltr'>tamen</span> <span class='ocrx_word' id='word_1_195' title='bbox 1304 2349 1492 2412; x_wconf 90' lang='lat' dir='ltr'>omittebat</span> <span class='ocrx_word' id='word_1_196' title='bbox 1510 2349 1643 2412; x_wconf 91' lang='lat' dir='ltr'>hortari</span> <span class='ocrx_word' id='word_1_197' title='bbox 1659 2368 1722 2412; x_wconf 89' lang='lat' dir='ltr'>eos</span> <span class='ocrx_word' id='word_1_198' title='bbox 1744 2349 1789 2411; x_wconf 90' lang='lat' dir='ltr'>ad</span> <span class='ocrx_word' id='word_1_199' title='bbox 1810 2347 1919 2429; x_wconf 90' lang='lat' dir='ltr'>acquir</span> 
     </span>
     <span class='ocr_line' id='line_1_39' title="bbox 1162 2469 1911 2552; baseline -0.003 -19"><span class='ocrx_word' id='word_1_200' title='bbox 1162 2473 1226 2533; x_wconf 91' lang='lat' dir='ltr'>das</span> <span class='ocrx_word' id='word_1_201' title='bbox 1239 2470 1406 2533; x_wconf 90' lang='lat' dir='ltr'>scientias</span> <span class='ocrx_word' id='word_1_202' title='bbox 1418 2469 1643 2532; x_wconf 88' lang='lat' dir='ltr'>humaniores</span> <span class='ocrx_word' id='word_1_203' title='bbox 1656 2479 1692 2532; x_wconf 90' lang='lat' dir='ltr'>et</span> <span class='ocrx_word' id='word_1_204' title='bbox 1705 2471 1750 2532; x_wconf 90' lang='lat' dir='ltr'>ad</span> <span class='ocrx_word' id='word_1_205' title='bbox 1760 2469 1911 2552; x_wconf 86' lang='lat' dir='ltr'>perfecte</span> 
     </span>
     <span class='ocr_line' id='line_1_40' title="bbox 1161 2589 1919 2675; baseline 0.001 -23"><span class='ocrx_word' id='word_1_206' title='bbox 1161 2592 1350 2655; x_wconf 89' lang='lat' dir='ltr'>discendas</span> <span class='ocrx_word' id='word_1_207' title='bbox 1369 2592 1511 2675; x_wconf 90' lang='lat' dir='ltr'>linguas</span> <span class='ocrx_word' id='word_1_208' title='bbox 1531 2603 1604 2654; x_wconf 91' lang='lat' dir='ltr'>tam</span> <span class='ocrx_word' id='word_1_209' title='bbox 1620 2592 1786 2673; x_wconf 90' lang='lat' dir='ltr'>antiquas</span> <span class='ocrx_word' id='word_1_210' title='bbox 1803 2589 1919 2674; x_wconf 86' lang='lat' dir='ltr'>(Graec</span> 
     </span>
     <span class='ocr_line' id='line_1_41' title="bbox 1161 2713 1919 2796; baseline -0.003 -20"><span class='ocrx_word' id='word_1_211' title='bbox 1161 2726 1197 2777; x_wconf 90' lang='lat' dir='ltr'>et</span> <span class='ocrx_word' id='word_1_212' title='bbox 1228 2714 1402 2796; x_wconf 85' lang='lat' dir='ltr'>Latinam)</span> <span class='ocrx_word' id='word_1_213' title='bbox 1435 2734 1540 2796; x_wconf 86' lang='lat' dir='ltr'>quarn</span> <span class='ocrx_word' id='word_1_214' title='bbox 1566 2715 1772 2793; x_wconf 91' lang='lat' dir='ltr'>modernas,</span> <span class='ocrx_word' id='word_1_215' title='bbox 1799 2713 1919 2795; x_wconf 71' lang='lat' dir='ltr'>praeci]</span> 
     </span>
     <span class='ocr_line' id='line_1_42' title="bbox 1161 2835 1899 2916; baseline -0.003 -17"><span class='ocrx_word' id='word_1_216' title='bbox 1161 2835 1332 2899; x_wconf 88' lang='lat' dir='ltr'>Gallicam</span> <span class='ocrx_word' id='word_1_217' title='bbox 1365 2847 1402 2899; x_wconf 89' lang='lat' dir='ltr'>et</span> <span class='ocrx_word' id='word_1_218' title='bbox 1436 2835 1695 2899; x_wconf 83' lang='lat' dir='ltr'>Germanicam.</span> <span class='ocrx_word' id='word_1_219' title='bbox 1742 2835 1899 2916; x_wconf 89' lang='lat' dir='ltr'>Optabat</span> 
     </span>
     <span class='ocr_line' id='line_1_43' title="bbox 1160 2956 1919 3039; baseline -0.001 -20"><span class='ocrx_word' id='word_1_220' title='bbox 1160 2958 1323 3039; x_wconf 86' lang='lat' dir='ltr'>maxime,</span> <span class='ocrx_word' id='word_1_221' title='bbox 1344 2968 1382 3020; x_wconf 91' lang='lat' dir='ltr'>ut</span> <span class='ocrx_word' id='word_1_222' title='bbox 1398 2958 1476 3021; x_wconf 92' lang='lat' dir='ltr'>libri</span> <span class='ocrx_word' id='word_1_223' title='bbox 1494 2959 1528 3020; x_wconf 93' lang='lat' dir='ltr'>in</span> <span class='ocrx_word' id='word_1_224' title='bbox 1545 2960 1745 3021; x_wconf 90' lang='lat' dir='ltr'>scholarum</span> <span class='ocrx_word' id='word_1_225' title='bbox 1762 2956 1919 3021; x_wconf 91' lang='lat' dir='ltr'>nationali</span> 
     </span>
     <span class='ocr_line' id='line_1_44' title="bbox 1159 3080 1919 3163; baseline 0.001 -22"><span class='ocrx_word' id='word_1_226' title='bbox 1159 3100 1261 3142; x_wconf 91' lang='lat' dir='ltr'>usum</span> <span class='ocrx_word' id='word_1_227' title='bbox 1273 3080 1381 3142; x_wconf 92' lang='lat' dir='ltr'>variis</span> <span class='ocrx_word' id='word_1_228' title='bbox 1397 3081 1527 3163; x_wconf 89' lang='lat' dir='ltr'>linguis</span> <span class='ocrx_word' id='word_1_229' title='bbox 1540 3082 1665 3142; x_wconf 90' lang='lat' dir='ltr'>crebro</span> <span class='ocrx_word' id='word_1_230' title='bbox 1682 3080 1779 3163; x_wconf 91' lang='lat' dir='ltr'>typis</span> <span class='ocrx_word' id='word_1_231' title='bbox 1792 3082 1919 3142; x_wconf 60' lang='lat' dir='ltr'>ederen‘</span> 
     </span>
     <span class='ocr_line' id='line_1_45' title="bbox 1159 3201 1918 3282; baseline 0 -19"><span class='ocrx_word' id='word_1_232' title='bbox 1159 3203 1204 3263; x_wconf 89' lang='lat' dir='ltr'>ad</span> <span class='ocrx_word' id='word_1_233' title='bbox 1218 3220 1307 3282; x_wconf 90' lang='lat' dir='ltr'>quos</span> <span class='ocrx_word' id='word_1_234' title='bbox 1320 3202 1596 3264; x_wconf 87' lang='lat' dir='ltr'>conscribendos</span> <span class='ocrx_word' id='word_1_235' title='bbox 1610 3203 1695 3264; x_wconf 92' lang='lat' dir='ltr'>data</span> <span class='ocrx_word' id='word_1_236' title='bbox 1707 3201 1918 3264; x_wconf 87' lang='lat' dir='ltr'>occasiones</span> 
     </span>
    </p>
   </div>
   <div class='ocr_carea' id='block_1_5' title="bbox 248 3320 1919 3407">
    <p class='ocr_par' dir='ltr' id='par_1_5' title="bbox 248 3290 1919 3421">
     <span class='ocr_line' id='line_1_46' title="bbox 248 3320 1919 3407; baseline 0.001 -26"><span class='ocrx_word' id='word_1_237' title='bbox 248 3320 295 3401; x_wconf 90' lang='lat' dir='ltr'>id,</span> <span class='ocrx_word' id='word_1_238' title='bbox 317 3321 411 3401; x_wconf 93' lang='lat' dir='ltr'>quod</span> <span class='ocrx_word' id='word_1_239' title='bbox 435 3320 502 3400; x_wconf 90' lang='lat' dir='ltr'>ipsi</span> <span class='ocrx_word' id='word_1_240' title='bbox 527 3330 563 3384; x_wconf 90' lang='lat' dir='ltr'>et</span> <span class='ocrx_word' id='word_1_241' title='bbox 586 3321 652 3384; x_wconf 91' lang='lat' dir='ltr'>toti</span> <span class='ocrx_word' id='word_1_242' title='bbox 674 3322 945 3405; x_wconf 88' lang='lat' dir='ltr'>congregationi</span> <span class='ocrx_word' id='word_1_243' title='bbox 960 3324 1079 3388; x_wconf 92' lang='lat' dir='ltr'>multis</span> <span class='ocrx_word' id='word_1_244' title='bbox 1117 3324 1120 3407; x_wconf 73' lang='grc' dir='ltr'><em>ξ</em></span> <span class='ocrx_word' id='word_1_245' title='bbox 1158 3342 1228 3385; x_wconf 95' lang='lat' dir='ltr'>non</span> <span class='ocrx_word' id='word_1_246' title='bbox 1256 3325 1368 3386; x_wconf 90' lang='lat' dir='ltr'>solum</span> <span class='ocrx_word' id='word_1_247' title='bbox 1396 3323 1515 3386; x_wconf 90' lang='lat' dir='ltr'>verbis</span> <span class='ocrx_word' id='word_1_248' title='bbox 1541 3324 1762 3404; x_wconf 87' lang='lat' dir='ltr'>hortabatur,</span> <span class='ocrx_word' id='word_1_249' title='bbox 1790 3325 1854 3386; x_wconf 91' lang='lat' dir='ltr'>sed</span> <span class='ocrx_word' id='word_1_250' title='bbox 1880 3321 1919 3385; x_wconf 88' lang='lat' dir='ltr'>eti</span> 
     </span>
    </p>
   </div>
   <div class='ocr_carea' id='block_1_6' title="bbox 248 3440 1078 3648">
    <p class='ocr_par' dir='ltr' id='par_1_6' title="bbox 248 3440 1078 3648">
     <span class='ocr_line' id='line_1_47' title="bbox 249 3440 1078 3524; baseline 0.007 -21"><span class='ocrx_word' id='word_1_251' title='bbox 249 3460 295 3503; x_wconf 85' lang='lat' dir='ltr'>ex</span> <span class='ocrx_word' id='word_1_252' title='bbox 312 3441 412 3502; x_wconf 92' lang='lat' dir='ltr'>annis</span> <span class='ocrx_word' id='word_1_253' title='bbox 429 3440 463 3503; x_wconf 91' lang='lat' dir='ltr'>in</span> <span class='ocrx_word' id='word_1_254' title='bbox 480 3440 569 3504; x_wconf 88' lang='lat' dir='ltr'>votis</span> <span class='ocrx_word' id='word_1_255' title='bbox 586 3452 672 3524; x_wconf 90' lang='lat' dir='ltr'>erat,</span> <span class='ocrx_word' id='word_1_256' title='bbox 689 3442 900 3506; x_wconf 88' lang='lat' dir='ltr'>aedificandi</span> <span class='ocrx_word' id='word_1_257' title='bbox 916 3444 1078 3509; x_wconf 90' lang='lat' dir='ltr'>nimirum</span> 
     </span>
     <span class='ocr_line' id='line_1_48' title="bbox 248 3562 1078 3648; baseline 0.008 -24"><span class='ocrx_word' id='word_1_258' title='bbox 248 3581 377 3624; x_wconf 89' lang='lat' dir='ltr'>novam</span> <span class='ocrx_word' id='word_1_259' title='bbox 394 3562 591 3626; x_wconf 89' lang='lat' dir='ltr'>ecclesiam.</span> <span class='ocrx_word' id='word_1_260' title='bbox 622 3563 851 3646; x_wconf 88' lang='lat' dir='ltr'>Praeparatis</span> <span class='ocrx_word' id='word_1_261' title='bbox 868 3565 959 3628; x_wconf 93' lang='lat' dir='ltr'>enim</span> <span class='ocrx_word' id='word_1_262' title='bbox 976 3587 1078 3648; x_wconf 92' lang='lat' dir='ltr'>prae-</span> 
     </span>
    </p>
   </div>
   <div class='ocr_carea' id='block_1_7' title="bbox 248 3684 1119 3785">
    <p class='ocr_par' dir='ltr' id='par_1_7' title="bbox 248 3684 1119 3785">
     <span class='ocr_line' id='line_1_49' title="bbox 248 3684 1119 3785; baseline 0.007 -40"><span class='ocrx_word' id='word_1_263' title='bbox 248 3684 427 3765; x_wconf 78' lang='lat' dir='ltr'>parandiS,</span> <span class='ocrx_word' id='word_1_264' title='bbox 451 3684 632 3765; x_wconf 91' lang='lat' dir='ltr'>antiquam</span> <span class='ocrx_word' id='word_1_265' title='bbox 656 3685 843 3747; x_wconf 90' lang='lat' dir='ltr'>ecelesiam</span> <span class='ocrx_word' id='word_1_266' title='bbox 870 3708 892 3749; x_wconf 92' lang='lat' dir='ltr'>a</span> <span class='ocrx_word' id='word_1_267' title='bbox 918 3687 989 3750; x_wconf 87' lang='lat' dir='ltr'>PP.</span> <span class='ocrx_word' id='word_1_268' title='bbox 1012 3688 1077 3752; x_wconf 88' lang='lat' dir='ltr'>Ca·</span> <span class='ocrx_word' id='word_1_269' title='bbox 1116 3706 1119 3785; x_wconf 42' lang='lat' dir='ltr'>p</span> 
     </span>
    </p>
   </div>
   <div class='ocr_carea' id='block_1_8' title="bbox 247 3805 1118 3887">
    <p class='ocr_par' dir='ltr' id='par_1_8' title="bbox 247 3805 1118 3887">
     <span class='ocr_line' id='line_1_50' title="bbox 247 3805 1118 3887; baseline 0.007 -20"><span class='ocrx_word' id='word_1_270' title='bbox 247 3805 387 3886; x_wconf 91' lang='lat' dir='ltr'>pucinis</span> <span class='ocrx_word' id='word_1_271' title='bbox 398 3808 501 3886; x_wconf 88' lang='lat' dir='ltr'>(anno</span> <span class='ocrx_word' id='word_1_272' title='bbox 512 3811 653 3867; x_wconf 88' lang='lat'>1810——1</span> <span class='ocrx_word' id='word_1_273' title='bbox 664 3808 690 3885; x_wconf 84' lang='lat'>1)</span> <span class='ocrx_word' id='word_1_274' title='bbox 706 3816 872 3887; x_wconf 91' lang='lat' dir='ltr'>emptam,</span> <span class='ocrx_word' id='word_1_275' title='bbox 888 3818 924 3871; x_wconf 93' lang='lat' dir='ltr'>et</span> <span class='ocrx_word' id='word_1_276' title='bbox 937 3808 1077 3873; x_wconf 86' lang='lat' dir='ltr'>iamiam</span> <span class='ocrx_word' id='word_1_277' title='bbox 1116 3870 1118 3879; x_wconf 90' lang='grc'>,</span> 
     </span>
    </p>
   </div>
   <div class='ocr_carea' id='block_1_9' title="bbox 247 3885 1919 4023">
    <p class='ocr_par' dir='ltr' id='par_1_9' title="bbox 247 3885 1919 4023">
     <span class='ocr_line' id='line_1_51' title="bbox 247 3885 1919 4023; baseline 0.001 -83"><span class='ocrx_word' id='word_1_278' title='bbox 247 3927 384 3989; x_wconf 66' lang='lat' dir='ltr'>ruinam</span> <span class='ocrx_word' id='word_1_279' title='bbox 414 3927 605 3990; x_wconf 66' lang='lat' dir='ltr'><strong>minantem</strong></span> <span class='ocrx_word' id='word_1_280' title='bbox 631 3949 652 3991; x_wconf 66' lang='lat' dir='ltr'>a</span> <span class='ocrx_word' id='word_1_281' title='bbox 671 3928 910 3991; x_wconf 65' lang='lat' dir='ltr'>fundamentis</span> <span class='ocrx_word' id='word_1_282' title='bbox 935 3932 1062 3995; x_wconf 53' lang='lat' dir='ltr'>demon</span> <span class='ocrx_word' id='word_1_283' title='bbox 1116 3918 1119 4023; x_wconf 43' lang='grc' dir='ltr'>ἱ</span> <span class='ocrx_word' id='word_1_284' title='bbox 1157 3887 1265 3941; x_wconf 84' lang='lat' dir='ltr'>matica</span> <span class='ocrx_word' id='word_1_285' title='bbox 1285 3885 1405 3959; x_wconf 86' lang='lat' dir='ltr'>linguae</span> <span class='ocrx_word' id='word_1_286' title='bbox 1422 3885 1555 3951; x_wconf 78' lang='lat' dir='ltr'>Italicae,</span> <span class='ocrx_word' id='word_1_287' title='bbox 1577 3889 1717 3962; x_wconf 84' lang='lat' dir='ltr'>exposita</span> <span class='ocrx_word' id='word_1_288' title='bbox 1742 3890 1770 3943; x_wconf 91' lang='lat' dir='ltr'>in</span> <span class='ocrx_word' id='word_1_289' title='bbox 1790 3886 1919 3960; x_wconf 74' lang='lat' dir='ltr'>linguai</span> 
     </span>
    </p>
   </div>
   <div class='ocr_carea' id='block_1_10' title="bbox 248 4049 1078 5225">
    <p class='ocr_par' dir='ltr' id='par_1_10' title="bbox 248 4049 1078 5225">
     <span class='ocr_line' id='line_1_52' title="bbox 249 4049 1078 4131; baseline 0.01 -21"><span class='ocrx_word' id='word_1_290' title='bbox 249 4050 376 4110; x_wconf 91' lang='lat' dir='ltr'>endam</span> <span class='ocrx_word' id='word_1_291' title='bbox 394 4049 540 4112; x_wconf 88' lang='lat' dir='ltr'>curavit.</span> <span class='ocrx_word' id='word_1_292' title='bbox 561 4049 639 4130; x_wconf 85' lang='lat' dir='ltr'>Quo</span> <span class='ocrx_word' id='word_1_293' title='bbox 654 4049 761 4131; x_wconf 85' lang='lat' dir='ltr'>facto,</span> <span class='ocrx_word' id='word_1_294' title='bbox 779 4051 813 4112; x_wconf 93' lang='lat' dir='ltr'>in</span> <span class='ocrx_word' id='word_1_295' title='bbox 827 4053 952 4114; x_wconf 90' lang='lat' dir='ltr'>eodem</span> <span class='ocrx_word' id='word_1_296' title='bbox 967 4053 1078 4118; x_wconf 89' lang='lat' dir='ltr'>ferme</span> 
     </span>
     <span class='ocr_line' id='line_1_53' title="bbox 248 4168 1078 4257; baseline 0.008 -26"><span class='ocrx_word' id='word_1_297' title='bbox 248 4168 326 4232; x_wconf 93' lang='lat' dir='ltr'>loco</span> <span class='ocrx_word' id='word_1_298' title='bbox 348 4169 580 4233; x_wconf 88' lang='lat' dir='ltr'>fundamenta</span> <span class='ocrx_word' id='word_1_299' title='bbox 602 4172 685 4233; x_wconf 93' lang='lat' dir='ltr'>novi</span> <span class='ocrx_word' id='word_1_300' title='bbox 708 4173 832 4253; x_wconf 91' lang='lat' dir='ltr'>templi</span> <span class='ocrx_word' id='word_1_301' title='bbox 855 4174 946 4235; x_wconf 91' lang='lat' dir='ltr'>sacri</span> <span class='ocrx_word' id='word_1_302' title='bbox 969 4195 1078 4257; x_wconf 90' lang='lat' dir='ltr'>pone·</span> 
     </span>
     <span class='ocr_line' id='line_1_54' title="bbox 248 4291 1078 4378; baseline 0.013 -27"><span class='ocrx_word' id='word_1_303' title='bbox 248 4291 390 4364; x_wconf 89' lang='lat' dir='ltr'>bantur;</span> <span class='ocrx_word' id='word_1_304' title='bbox 424 4300 460 4353; x_wconf 91' lang='lat' dir='ltr'>et</span> <span class='ocrx_word' id='word_1_305' title='bbox 490 4312 628 4355; x_wconf 92' lang='lat' dir='ltr'>sacrum</span> <span class='ocrx_word' id='word_1_306' title='bbox 660 4294 727 4356; x_wconf 92' lang='lat' dir='ltr'>hoc</span> <span class='ocrx_word' id='word_1_307' title='bbox 757 4293 968 4378; x_wconf 89' lang='lat' dir='ltr'>aedificium,</span> <span class='ocrx_word' id='word_1_308' title='bbox 999 4299 1078 4362; x_wconf 92' lang='lat' dir='ltr'>Deo</span> 
     </span>
     <span class='ocr_line' id='line_1_55' title="bbox 249 4410 1077 4494; baseline 0.013 -23"><span class='ocrx_word' id='word_1_309' title='bbox 249 4410 450 4493; x_wconf 89' lang='lat' dir='ltr'>adiuvante,</span> <span class='ocrx_word' id='word_1_310' title='bbox 477 4413 621 4475; x_wconf 91' lang='lat' dir='ltr'>biennio</span> <span class='ocrx_word' id='word_1_311' title='bbox 650 4414 810 4494; x_wconf 85' lang='lat' dir='ltr'>perfecte</span> <span class='ocrx_word' id='word_1_312' title='bbox 839 4427 1077 4482; x_wconf 89' lang='lat' dir='ltr'>constructum</span> 
     </span>
     <span class='ocr_line' id='line_1_56' title="bbox 249 4531 1078 4621; baseline 0.014 -29"><span class='ocrx_word' id='word_1_313' title='bbox 249 4541 313 4593; x_wconf 92' lang='lat' dir='ltr'>est.</span> <span class='ocrx_word' id='word_1_314' title='bbox 329 4531 431 4613; x_wconf 92' lang='lat' dir='ltr'>Dein,</span> <span class='ocrx_word' id='word_1_315' title='bbox 449 4534 572 4614; x_wconf 89' lang='lat' dir='ltr'>paucis</span> <span class='ocrx_word' id='word_1_316' title='bbox 589 4534 784 4600; x_wconf 89' lang='lat' dir='ltr'>interiectis</span> <span class='ocrx_word' id='word_1_317' title='bbox 795 4539 986 4621; x_wconf 77' lang='lat' dir='ltr'>mensibuS,</span> <span class='ocrx_word' id='word_1_318' title='bbox 1003 4541 1078 4604; x_wconf 92' lang='lat' dir='ltr'>illu-</span> 
     </span>
     <span class='ocr_line' id='line_1_57' title="bbox 248 4653 1076 4745; baseline 0.012 -30"><span class='ocrx_word' id='word_1_319' title='bbox 248 4653 440 4716; x_wconf 91' lang='lat' dir='ltr'>strissimus</span> <span class='ocrx_word' id='word_1_320' title='bbox 472 4656 633 4719; x_wconf 91' lang='lat' dir='ltr'>dominus</span> <span class='ocrx_word' id='word_1_321' title='bbox 666 4660 779 4720; x_wconf 91' lang='lat' dir='ltr'>abbas</span> <span class='ocrx_word' id='word_1_322' title='bbox 811 4658 868 4721; x_wconf 92' lang='lat' dir='ltr'>die</span> <span class='ocrx_word' id='word_1_323' title='bbox 904 4664 950 4723; x_wconf 84' lang='lat'>15.</span> <span class='ocrx_word' id='word_1_324' title='bbox 982 4662 1076 4745; x_wconf 90' lang='lat' dir='ltr'>Aug.</span> 
     </span>
     <span class='ocr_line' id='line_1_58' title="bbox 253 4774 1077 4863; baseline 0.013 -29"><span class='ocrx_word' id='word_1_325' title='bbox 253 4778 332 4853; x_wconf 84' lang='lat'>1874</span> <span class='ocrx_word' id='word_1_326' title='bbox 350 4774 384 4837; x_wconf 96' lang='lat' dir='ltr'>in</span> <span class='ocrx_word' id='word_1_327' title='bbox 400 4774 493 4838; x_wconf 85' lang='lat' dir='ltr'>festo</span> <span class='ocrx_word' id='word_1_328' title='bbox 509 4777 550 4839; x_wconf 89' lang='lat' dir='ltr'>B.</span> <span class='ocrx_word' id='word_1_329' title='bbox 564 4777 611 4839; x_wconf 93' lang='lat' dir='ltr'>M.</span> <span class='ocrx_word' id='word_1_330' title='bbox 624 4778 667 4839; x_wconf 94' lang='lat' dir='ltr'>V.</span> <span class='ocrx_word' id='word_1_331' title='bbox 685 4778 720 4840; x_wconf 94' lang='lat' dir='ltr'>in</span> <span class='ocrx_word' id='word_1_332' title='bbox 737 4780 856 4841; x_wconf 90' lang='lat' dir='ltr'>coelos</span> <span class='ocrx_word' id='word_1_333' title='bbox 873 4794 1077 4863; x_wconf 89' lang='lat' dir='ltr'>assumptae</span> 
     </span>
     <span class='ocr_line' id='line_1_59' title="bbox 248 4897 1078 4976; baseline 0.013 -21"><span class='ocrx_word' id='word_1_334' title='bbox 248 4914 378 4976; x_wconf 87' lang='lat' dir='ltr'>magna</span> <span class='ocrx_word' id='word_1_335' title='bbox 395 4897 631 4961; x_wconf 87' lang='lat' dir='ltr'>sollemnitate</span> <span class='ocrx_word' id='word_1_336' title='bbox 647 4919 774 4962; x_wconf 90' lang='lat' dir='ltr'>novam</span> <span class='ocrx_word' id='word_1_337' title='bbox 787 4902 877 4963; x_wconf 91' lang='lat' dir='ltr'>hanc</span> <span class='ocrx_word' id='word_1_338' title='bbox 891 4903 1078 4966; x_wconf 87' lang='lat' dir='ltr'>ecclesiam</span> 
     </span>
     <span class='ocr_line' id='line_1_60' title="bbox 250 5015 1077 5104; baseline 0.013 -29"><span class='ocrx_word' id='word_1_339' title='bbox 250 5015 366 5077; x_wconf 90' lang='lat' dir='ltr'>titulo:</span> <span class='ocrx_word' id='word_1_340' title='bbox 390 5017 583 5081; x_wconf 90' lang='lat' dir='ltr'>Patrocinii</span> <span class='ocrx_word' id='word_1_341' title='bbox 606 5021 646 5082; x_wconf 88' lang='lat' dir='ltr'>B.</span> <span class='ocrx_word' id='word_1_342' title='bbox 670 5022 717 5085; x_wconf 91' lang='lat' dir='ltr'>M.</span> <span class='ocrx_word' id='word_1_343' title='bbox 739 5023 782 5085; x_wconf 90' lang='lat' dir='ltr'>V.</span> <span class='ocrx_word' id='word_1_344' title='bbox 805 5025 925 5104; x_wconf 79' lang='lat' dir='ltr'>(vulgo</span> <span class='ocrx_word' id='word_1_345' title='bbox 949 5024 1077 5086; x_wconf 90' lang='lat' dir='ltr'>Maria·</span> 
     </span>
     <span class='ocr_line' id='line_1_61' title="bbox 250 5135 1077 5225; baseline 0.01 -27"><span class='ocrx_word' id='word_1_346' title='bbox 250 5135 390 5217; x_wconf 84' lang='lat' dir='ltr'>Schutz)</span> <span class='ocrx_word' id='word_1_347' title='bbox 421 5141 649 5203; x_wconf 89' lang='lat' dir='ltr'>consecravit.</span> <span class='ocrx_word' id='word_1_348' title='bbox 689 5142 895 5225; x_wconf 89' lang='lat' dir='ltr'>Eodemque</span> <span class='ocrx_word' id='word_1_349' title='bbox 923 5145 980 5206; x_wconf 91' lang='lat' dir='ltr'>die</span> <span class='ocrx_word' id='word_1_350' title='bbox 1007 5145 1077 5224; x_wconf 92' lang='lat' dir='ltr'>pri-</span> 
     </span>
    </p>
   </div>
   <div class='ocr_carea' id='block_1_11' title="bbox 250 5256 1603 5373">
    <p class='ocr_par' dir='ltr' id='par_1_11' title="bbox 250 5256 1603 5373">
     <span class='ocr_line' id='line_1_62' title="bbox 250 5256 1603 5373; baseline 0.007 -59"><span class='ocrx_word' id='word_1_351' title='bbox 250 5274 342 5316; x_wconf 90' lang='lat' dir='ltr'>mum</span> <span class='ocrx_word' id='word_1_352' title='bbox 363 5256 544 5318; x_wconf 90' lang='lat' dir='ltr'>sollemnis</span> <span class='ocrx_word' id='word_1_353' title='bbox 565 5260 693 5323; x_wconf 88' lang='lat' dir='ltr'>missae</span> <span class='ocrx_word' id='word_1_354' title='bbox 711 5262 919 5325; x_wconf 87' lang='lat' dir='ltr'>sacrificium</span> <span class='ocrx_word' id='word_1_355' title='bbox 942 5263 976 5325; x_wconf 90' lang='lat' dir='ltr'>in</span> <span class='ocrx_word' id='word_1_356' title='bbox 997 5285 1077 5346; x_wconf 93' lang='lat' dir='ltr'>gra·</span> <span class='ocrx_word' id='word_1_357' title='bbox 1159 5292 1285 5346; x_wconf 79' lang='lat' dir='ltr'>concilio</span> <span class='ocrx_word' id='word_1_358' title='bbox 1307 5298 1501 5351; x_wconf 79' lang='lat' dir='ltr'>oecumenico</span> <span class='ocrx_word' id='word_1_359' title='bbox 1523 5293 1563 5373; x_wconf 67' lang='lat' dir='ltr'>[v</span> <span class='ocrx_word' id='word_1_360' title='bbox 1599 5299 1603 5308; x_wconf 92' lang='lat'><strong>·</strong></span> 
     </span>
    </p>
   </div>
   <div class='ocr_carea' id='block_1_12' title="bbox 1159 3445 1507 3525">
    <p class='ocr_par' dir='ltr' id='par_1_12' title="bbox 1159 3445 1507 3525">
     <span class='ocr_line' id='line_1_63' title="bbox 1159 3445 1507 3525; baseline -0.003 -19"><span class='ocrx_word' id='word_1_361' title='bbox 1159 3464 1286 3525; x_wconf 89' lang='lat' dir='ltr'>reapse</span> <span class='ocrx_word' id='word_1_362' title='bbox 1302 3445 1507 3507; x_wconf 91' lang='lat' dir='ltr'>adiuvabat.</span> 
     </span>
    </p>
   </div>
   <div class='ocr_carea' id='block_1_13' title="bbox 1245 3618 1917 3704">
    <p class='ocr_par' dir='ltr' id='par_1_13' title="bbox 1245 3618 1917 3704">
     <span class='ocr_line' id='line_1_64' title="bbox 1245 3618 1917 3704; baseline -0.001 -22"><span class='ocrx_word' id='word_1_363' title='bbox 1245 3618 1365 3701; x_wconf 89' lang='lat' dir='ltr'>Opera</span> <span class='ocrx_word' id='word_1_364' title='bbox 1381 3619 1607 3682; x_wconf 89' lang='lat' dir='ltr'>illustrissimi</span> <span class='ocrx_word' id='word_1_365' title='bbox 1621 3619 1755 3683; x_wconf 91' lang='lat' dir='ltr'>domini</span> <span class='ocrx_word' id='word_1_366' title='bbox 1769 3619 1865 3704; x_wconf 88' lang='lat' dir='ltr'>typis</span> <span class='ocrx_word' id='word_1_367' title='bbox 1876 3620 1917 3681; x_wconf 90' lang='lat' dir='ltr'>ed</span> 
     </span>
    </p>
   </div>
   <div class='ocr_carea' id='block_1_14' title="bbox 1244 3779 1919 3859">
    <p class='ocr_par' dir='ltr' id='par_1_14' title="bbox 1244 3779 1919 3859">
     <span class='ocr_line' id='line_1_65' title="bbox 1244 3779 1919 3859; baseline 0.01 -30"><span class='ocrx_word' id='word_1_368' title='bbox 1244 3783 1267 3838; x_wconf 91' lang='lat' dir='ltr'>l.</span> <span class='ocrx_word' id='word_1_369' title='bbox 1287 3781 1592 3857; x_wconf 55' lang='lat' dir='ltr'>qumqmaufflpm</span> <span class='ocrx_word' id='word_1_370' title='bbox 1603 3783 1778 3856; x_wconf 50' lang='lat' dir='ltr'>pmmtefea.</span> <span class='ocrx_word' id='word_1_371' title='bbox 1795 3779 1825 3859; x_wconf 82' lang='lat' dir='ltr'>(i.</span> <span class='ocrx_word' id='word_1_372' title='bbox 1838 3801 1864 3838; x_wconf 85' lang='lat' dir='ltr'>e.</span> <span class='ocrx_word' id='word_1_373' title='bbox 1880 3781 1919 3837; x_wconf 79' lang='lat' dir='ltr'>Gr</span> 
     </span>
    </p>
   </div>
   <div class='ocr_carea' id='block_1_15' title="bbox 1157 3989 1919 4172">
    <p class='ocr_par' dir='ltr' id='par_1_15' title="bbox 1157 3989 1919 4172">
     <span class='ocr_line' id='line_1_66' title="bbox 1157 3989 1919 4047; baseline 0.001 -3"><span class='ocrx_word' id='word_1_374' title='bbox 1157 4008 1288 4045; x_wconf 85' lang='lat' dir='ltr'>armena.</span> <span class='ocrx_word' id='word_1_375' title='bbox 1305 3989 1461 4046; x_wconf 80' lang='lat' dir='ltr'>Accedunt</span> <span class='ocrx_word' id='word_1_376' title='bbox 1477 3990 1608 4046; x_wconf 83' lang='lat' dir='ltr'>selectae</span> <span class='ocrx_word' id='word_1_377' title='bbox 1625 3990 1771 4047; x_wconf 87' lang='lat' dir='ltr'>lectiones</span> <span class='ocrx_word' id='word_1_378' title='bbox 1784 3990 1901 4046; x_wconf 85' lang='lat' dir='ltr'>Italicae</span> <span class='ocrx_word' id='word_1_379' title='bbox 1915 4011 1919 4038; x_wconf 63' lang='grc' dir='ltr'>ι</span> 
     </span>
     <span class='ocr_line' id='line_1_67' title="bbox 1157 4091 1919 4172; baseline 0.001 -24"><span class='ocrx_word' id='word_1_380' title='bbox 1157 4091 1919 4172; x_wconf 78' lang='lat' dir='ltr'>interpretationeArmenaViennae,typisMeeh.ll</span> 
     </span>
    </p>
   </div>
   <div class='ocr_carea' id='block_1_16' title="bbox 1156 4212 1919 4398">
    <p class='ocr_par' dir='ltr' id='par_1_16' title="bbox 1156 4212 1919 4398">
     <span class='ocr_line' id='line_1_68' title="bbox 1243 4212 1919 4294; baseline 0 -23"><span class='ocrx_word' id='word_1_381' title='bbox 1243 4216 1281 4271; x_wconf 86' lang='lat' dir='ltr'>II.</span> <span class='ocrx_word' id='word_1_382' title='bbox 1295 4217 1475 4290; x_wconf 52' lang='lat' dir='ltr'>{wafw‘lt</span> <span class='ocrx_word' id='word_1_383' title='bbox 1486 4215 1557 4286; x_wconf 64' lang='grc' dir='ltr'>ςυυ,</span> <span class='ocrx_word' id='word_1_384' title='bbox 1571 4212 1672 4292; x_wconf 67' lang='lat' dir='ltr'>101qu,</span> <span class='ocrx_word' id='word_1_385' title='bbox 1686 4213 1749 4294; x_wconf 66' lang='lat' dir='ltr'>(Le.</span> <span class='ocrx_word' id='word_1_386' title='bbox 1760 4216 1919 4274; x_wconf 82' lang='lat' dir='ltr'>Vocabuiar</span> 
     </span>
     <span class='ocr_line' id='line_1_69' title="bbox 1156 4317 1919 4398; baseline 0 -23"><span class='ocrx_word' id='word_1_387' title='bbox 1156 4320 1449 4376; x_wconf 79' lang='lat' dir='ltr'>Armeno-turcicum</span> <span class='ocrx_word' id='word_1_388' title='bbox 1478 4317 1551 4398; x_wconf 82' lang='lat' dir='ltr'>[NB.</span> <span class='ocrx_word' id='word_1_389' title='bbox 1576 4321 1734 4378; x_wconf 88' lang='lat' dir='ltr'>Vocabula</span> <span class='ocrx_word' id='word_1_390' title='bbox 1757 4322 1885 4378; x_wconf 82' lang='lat' dir='ltr'>Turciea</span> <span class='ocrx_word' id='word_1_391' title='bbox 1907 4337 1919 4375; x_wconf 84' lang='grc' dir='ltr'>ε</span> 
     </span>
    </p>
   </div>
   <div class='ocr_carea' id='block_1_17' title="bbox 1157 4423 1919 4599">
    <p class='ocr_par' dir='ltr' id='par_1_17' title="bbox 1157 4423 1919 4599">
     <span class='ocr_line' id='line_1_70' title="bbox 1157 4423 1919 4504; baseline 0.004 -25"><span class='ocrx_word' id='word_1_392' title='bbox 1157 4425 1250 4480; x_wconf 88' lang='lat' dir='ltr'>literis</span> <span class='ocrx_word' id='word_1_393' title='bbox 1272 4423 1459 4480; x_wconf 78' lang='lat' dir='ltr'>Armeniacis</span> <span class='ocrx_word' id='word_1_394' title='bbox 1475 4438 1544 4480; x_wconf 90' lang='lat' dir='ltr'>sunt</span> <span class='ocrx_word' id='word_1_395' title='bbox 1564 4423 1715 4504; x_wconf 82' lang='lat' dir='ltr'>scripta].)</span> <span class='ocrx_word' id='word_1_396' title='bbox 1740 4428 1880 4490; x_wconf 81' lang='lat' dir='ltr'>Viennae,</span> <span class='ocrx_word' id='word_1_397' title='bbox 1901 4436 1919 4497; x_wconf 56' lang='lat' dir='ltr'>t</span> 
     </span>
     <span class='ocr_line' id='line_1_71' title="bbox 1157 4527 1409 4599; baseline 0 -16"><span class='ocrx_word' id='word_1_398' title='bbox 1157 4528 1297 4584; x_wconf 85' lang='lat' dir='ltr'>llechith.</span> <span class='ocrx_word' id='word_1_399' title='bbox 1319 4527 1409 4599; x_wconf 78' lang='lat'>1838.</span> 
     </span>
    </p>
   </div>
   <div class='ocr_carea' id='block_1_18' title="bbox 1158 4648 1919 4834">
    <p class='ocr_par' dir='ltr' id='par_1_18' title="bbox 1158 4648 1919 4834">
     <span class='ocr_line' id='line_1_72' title="bbox 1244 4648 1919 4729; baseline 0.006 -29"><span class='ocrx_word' id='word_1_400' title='bbox 1244 4651 1295 4705; x_wconf 90' lang='grc' dir='ltr'>ΙΙΙ,</span> <span class='ocrx_word' id='word_1_401' title='bbox 1306 4652 1487 4724; x_wconf 45' lang='lat' dir='ltr'>{Vmorem-mh</span> <span class='ocrx_word' id='word_1_402' title='bbox 1498 4648 1597 4727; x_wconf 65' lang='lat' dir='ltr'>mmu&#39;q,</span> <span class='ocrx_word' id='word_1_403' title='bbox 1607 4652 1675 4723; x_wconf 61' lang='grc' dir='ltr'>ςαυ.</span> <span class='ocrx_word' id='word_1_404' title='bbox 1686 4650 1715 4729; x_wconf 92' lang='lat' dir='ltr'>(i.</span> <span class='ocrx_word' id='word_1_405' title='bbox 1724 4672 1750 4709; x_wconf 92' lang='lat' dir='ltr'>e.</span> <span class='ocrx_word' id='word_1_406' title='bbox 1758 4649 1919 4709; x_wconf 79' lang='lat' dir='ltr'>vocabula·</span> 
     </span>
     <span class='ocr_line' id='line_1_73' title="bbox 1158 4752 1919 4834; baseline 0 -26"><span class='ocrx_word' id='word_1_407' title='bbox 1158 4752 1187 4807; x_wconf 83' lang='lat' dir='ltr'>T</span> <span class='ocrx_word' id='word_1_408' title='bbox 1188 4756 1517 4812; x_wconf 73' lang='lat' dir='ltr'>eroice-armeniacum.</span> <span class='ocrx_word' id='word_1_409' title='bbox 1544 4754 1670 4834; x_wconf 88' lang='lat' dir='ltr'>[Totum</span> <span class='ocrx_word' id='word_1_410' title='bbox 1692 4759 1786 4814; x_wconf 84' lang='lat' dir='ltr'>literis</span> <span class='ocrx_word' id='word_1_411' title='bbox 1803 4755 1919 4813; x_wconf 83' lang='lat' dir='ltr'>Armeni</span> 
     </span>
    </p>
   </div>
   <div class='ocr_carea' id='block_1_19' title="bbox 1158 4856 1919 5034">
    <p class='ocr_par' dir='ltr' id='par_1_19' title="bbox 1158 4856 1919 5034">
     <span class='ocr_line' id='line_1_74' title="bbox 1158 4856 1919 4937; baseline 0.003 -26"><span class='ocrx_word' id='word_1_412' title='bbox 1158 4856 1397 4937; x_wconf 77' lang='lat' dir='ltr'>conscriptum.])</span> <span class='ocrx_word' id='word_1_413' title='bbox 1417 4860 1559 4925; x_wconf 79' lang='lat' dir='ltr'>Viennae,</span> <span class='ocrx_word' id='word_1_414' title='bbox 1574 4865 1654 4936; x_wconf 81' lang='lat' dir='ltr'>typis</span> <span class='ocrx_word' id='word_1_415' title='bbox 1669 4863 1809 4918; x_wconf 75' lang='lat' dir='ltr'>blechith.</span> <span class='ocrx_word' id='word_1_416' title='bbox 1827 4861 1919 4916; x_wconf 81' lang='lat' dir='ltr'>Editic</span> 
     </span>
     <span class='ocr_line' id='line_1_75' title="bbox 1159 4961 1365 5034; baseline 0.01 -18"><span class='ocrx_word' id='word_1_417' title='bbox 1159 4961 1254 5017; x_wconf 84' lang='lat' dir='ltr'>cunda</span> <span class='ocrx_word' id='word_1_418' title='bbox 1276 4962 1365 5034; x_wconf 79' lang='lat'>1858.</span> 
     </span>
    </p>
   </div>
   <div class='ocr_carea' id='block_1_20' title="bbox 1158 5083 1919 5269">
    <p class='ocr_par' dir='ltr' id='par_1_20' title="bbox 1158 5083 1919 5269">
     <span class='ocr_line' id='line_1_76' title="bbox 1245 5083 1919 5165; baseline -0.003 -27"><span class='ocrx_word' id='word_1_419' title='bbox 1245 5085 1293 5140; x_wconf 90' lang='lat' dir='ltr'>IV.</span> <span class='ocrx_word' id='word_1_420' title='bbox 1311 5086 1353 5159; x_wconf 72' lang='grc' dir='ltr'>ψ.</span> <span class='ocrx_word' id='word_1_421' title='bbox 1378 5086 1570 5161; x_wconf 57' lang='lat' dir='ltr'>Slstflm’t&#39;stfi</span> <span class='ocrx_word' id='word_1_422' title='bbox 1588 5083 1841 5165; x_wconf 51' lang='lat' dir='ltr'>(immpthbmle)</span> <span class='ocrx_word' id='word_1_423' title='bbox 1856 5090 1919 5158; x_wconf 63' lang='lat'>⁰²⁶!</span> 
     </span>
     <span class='ocr_line' id='line_1_77' title="bbox 1158 5183 1919 5269; baseline 0.003 -29"><span class='ocrx_word' id='word_1_424' title='bbox 1158 5183 1186 5263; x_wconf 86' lang='lat' dir='ltr'>(i.</span> <span class='ocrx_word' id='word_1_425' title='bbox 1201 5206 1227 5242; x_wconf 83' lang='lat' dir='ltr'>e.</span> <span class='ocrx_word' id='word_1_426' title='bbox 1241 5188 1349 5243; x_wconf 83' lang='lat' dir='ltr'>Versio</span> <span class='ocrx_word' id='word_1_427' title='bbox 1363 5189 1492 5245; x_wconf 83' lang='lat' dir='ltr'>Armena</span> <span class='ocrx_word' id='word_1_428' title='bbox 1506 5191 1595 5247; x_wconf 88' lang='lat' dir='ltr'>libelli</span> <span class='ocrx_word' id='word_1_429' title='bbox 1610 5193 1721 5249; x_wconf 86' lang='lat' dir='ltr'>Felicis</span> <span class='ocrx_word' id='word_1_430' title='bbox 1732 5194 1919 5269; x_wconf 82' lang='lat' dir='ltr'>Dupanloup:</span> 
     </span>
    </p>
   </div>
   <div class='ocr_carea' id='block_1_21' title="bbox 1553 5295 1919 5375">
    <p class='ocr_par' dir='ltr' id='par_1_21' title="bbox 1553 5295 1919 5375">
     <span class='ocr_line' id='line_1_78' title="bbox 1553 5295 1919 5375; baseline 0.014 -25"><span class='ocrx_word' id='word_1_431' title='bbox 1553 5295 1721 5375; x_wconf 63' lang='lat' dir='ltr'>=at1can0].)</span> <span class='ocrx_word' id='word_1_432' title='bbox 1745 5299 1882 5361; x_wconf 86' lang='lat' dir='ltr'>Viennae,</span> <span class='ocrx_word' id='word_1_433' title='bbox 1901 5307 1919 5364; x_wconf 70' lang='lat' dir='ltr'>t]</span> 
     </span>
    </p>
   </div>
   <div class='ocr_carea' id='block_1_22' title="bbox 250 5340 1806 5475">
    <p class='ocr_par' dir='ltr' id='par_1_22' title="bbox 250 5340 1806 5475">
     <span class='ocr_line' id='line_1_79' title="bbox 250 5340 1806 5475; baseline 0.016 -41"><span class='ocrx_word' id='word_1_434' title='bbox 250 5373 378 5435; x_wconf 90' lang='lat' dir='ltr'>tiarum</span> <span class='ocrx_word' id='word_1_435' title='bbox 400 5375 575 5438; x_wconf 87' lang='lat' dir='ltr'>actionem</span> <span class='ocrx_word' id='word_1_436' title='bbox 590 5379 668 5441; x_wconf 92' lang='lat' dir='ltr'>Deo</span> <span class='ocrx_word' id='word_1_437' title='bbox 684 5380 726 5444; x_wconf 92' lang='grc' dir='ltr'>Ο.</span> <span class='ocrx_word' id='word_1_438' title='bbox 743 5382 801 5464; x_wconf 78' lang='lat' dir='ltr'>M,</span> <span class='ocrx_word' id='word_1_439' title='bbox 828 5403 891 5464; x_wconf 93' lang='lat' dir='ltr'>pro</span> <span class='ocrx_word' id='word_1_440' title='bbox 908 5384 1078 5466; x_wconf 88' lang='lat' dir='ltr'>singulari</span> <span class='ocrx_word' id='word_1_441' title='bbox 1116 5340 1119 5462; x_wconf 79' lang='grc' dir='ltr'>Ι</span> <span class='ocrx_word' id='word_1_442' title='bbox 1158 5394 1297 5452; x_wconf 82' lang='lat' dir='ltr'>llechith.</span> <span class='ocrx_word' id='word_1_443' title='bbox 1316 5397 1389 5453; x_wconf 68' lang='lat' dir='ltr'>(lum</span> <span class='ocrx_word' id='word_1_444' title='bbox 1406 5400 1533 5471; x_wconf 82' lang='lat' dir='ltr'>imagine</span> <span class='ocrx_word' id='word_1_445' title='bbox 1549 5403 1692 5457; x_wconf 82' lang='lat' dir='ltr'>auctoris.</span> <span class='ocrx_word' id='word_1_446' title='bbox 1715 5400 1806 5475; x_wconf 79' lang='lat'>1869.</span> 
     </span>
    </p>
   </div>
   <div class='ocr_carea' id='block_1_23' title="bbox 0 0 2022 6260">
    <p class='ocr_par' dir='ltr' id='par_1_23' title="bbox 0 0 2022 6260">
     <span class='ocr_line' id='line_1_80' title="bbox 0 0 2022 6260; baseline 0 0"><span class='ocrx_word' id='word_1_447' title='bbox 0 0 2022 6260; x_wconf 95' lang='lat' dir='ltr'> </span> 
     </span>
    </p>
   </div>
  </div>
 </body>
</html>
