<?xml version="1.0" encoding="UTF-8"?>
<!DOCTYPE html PUBLIC "-//W3C//DTD XHTML 1.0 Transitional//EN"
    "http://www.w3.org/TR/xhtml1/DTD/xhtml1-transitional.dtd">
<html xmlns="http://www.w3.org/1999/xhtml" xml:lang="en" lang="en">
 <head>
  <title>
</title>
<meta http-equiv="Content-Type" content="text/html;charset=utf-8" />
  <meta name='ocr-system' content='tesseract 3.04.00' />
  <meta name='ocr-capabilities' content='ocr_page ocr_carea ocr_par ocr_line ocrx_word'/>
</head>
<body>
  <div class='ocr_page' id='page_1' title='image "./scriptoresordin00benegoog_0370.png"; bbox 0 0 4034 6262; ppageno 0'>
   <div class='ocr_carea' id='block_1_1' title="bbox 529 477 917 567">
    <p class='ocr_par' dir='ltr' id='par_1_1' title="bbox 529 477 917 567">
     <span class='ocr_line' id='line_1_1' title="bbox 529 477 917 567; baseline -0.005 0"><span class='ocrx_word' id='word_1_1' title='bbox 529 477 917 567; x_wconf 77' lang='lat'><strong>‘-237-</strong></span> 
     </span>
    </p>
   </div>
   <div class='ocr_carea' id='block_1_2' title="bbox 124 680 736 2472">
    <p class='ocr_par' dir='ltr' id='par_1_2' title="bbox 124 680 736 2472">
     <span class='ocr_line' id='line_1_2' title="bbox 124 680 736 744; baseline -0.002 -1"><span class='ocrx_word' id='word_1_2' title='bbox 124 680 235 744; x_wconf 64' lang='lat' dir='ltr'>antino</span> <span class='ocrx_word' id='word_1_3' title='bbox 266 682 432 743; x_wconf 85' lang='lat' dir='ltr'>sacerdos</span> <span class='ocrx_word' id='word_1_4' title='bbox 464 681 648 743; x_wconf 90' lang='lat' dir='ltr'>ordinatus</span> <span class='ocrx_word' id='word_1_5' title='bbox 679 681 736 743; x_wconf 88' lang='lat' dir='ltr'>die</span> 
     </span>
     <span class='ocr_line' id='line_1_3' title="bbox 124 804 736 885; baseline 0 -19"><span class='ocrx_word' id='word_1_6' title='bbox 124 807 191 885; x_wconf 81' lang='grc'>833,</span> <span class='ocrx_word' id='word_1_7' title='bbox 213 823 332 866; x_wconf 91' lang='lat' dir='ltr'>curam</span> <span class='ocrx_word' id='word_1_8' title='bbox 352 804 548 866; x_wconf 88' lang='lat' dir='ltr'>animarum</span> <span class='ocrx_word' id='word_1_9' title='bbox 569 824 639 885; x_wconf 92' lang='lat' dir='ltr'>qua</span> <span class='ocrx_word' id='word_1_10' title='bbox 656 823 736 866; x_wconf 94' lang='lat' dir='ltr'>coo-</span> 
     </span>
     <span class='ocr_line' id='line_1_4' title="bbox 124 925 734 1007; baseline 0.002 -20"><span class='ocrx_word' id='word_1_11' title='bbox 124 926 208 988; x_wconf 88' lang='lat' dir='ltr'>ersis</span> <span class='ocrx_word' id='word_1_12' title='bbox 220 925 255 987; x_wconf 91' lang='lat' dir='ltr'>in</span> <span class='ocrx_word' id='word_1_13' title='bbox 266 925 443 1007; x_wconf 92' lang='lat' dir='ltr'>parochiis</span> <span class='ocrx_word' id='word_1_14' title='bbox 457 926 567 988; x_wconf 86' lang='lat' dir='ltr'>dioec.</span> <span class='ocrx_word' id='word_1_15' title='bbox 578 926 734 988; x_wconf 85' lang='lat' dir='ltr'>Trident.</span> 
     </span>
     <span class='ocr_line' id='line_1_5' title="bbox 124 1045 734 1129; baseline 0 -20"><span class='ocrx_word' id='word_1_16' title='bbox 124 1057 262 1110; x_wconf 83' lang='lat' dir='ltr'>stremo</span> <span class='ocrx_word' id='word_1_17' title='bbox 279 1045 420 1129; x_wconf 88' lang='lat' dir='ltr'>Griesii,</span> <span class='ocrx_word' id='word_1_18' title='bbox 442 1048 503 1110; x_wconf 92' lang='lat' dir='ltr'>ubi</span> <span class='ocrx_word' id='word_1_19' title='bbox 527 1047 686 1110; x_wconf 86' lang='lat' dir='ltr'>ordinem</span> <span class='ocrx_word' id='word_1_20' title='bbox 708 1068 734 1110; x_wconf 93' lang='lat' dir='ltr'>s.</span> 
     </span>
     <span class='ocr_line' id='line_1_6' title="bbox 124 1168 735 1251; baseline 0.002 -21"><span class='ocrx_word' id='word_1_21' title='bbox 124 1189 192 1231; x_wconf 64' lang='lat' dir='ltr'>rsus</span> <span class='ocrx_word' id='word_1_22' title='bbox 209 1169 266 1232; x_wconf 90' lang='lat' dir='ltr'>die</span> <span class='ocrx_word' id='word_1_23' title='bbox 287 1175 334 1232; x_wconf 83' lang='lat'>16.</span> <span class='ocrx_word' id='word_1_24' title='bbox 348 1168 448 1251; x_wconf 86' lang='lat' dir='ltr'><strong>Sept.</strong></span> <span class='ocrx_word' id='word_1_25' title='bbox 470 1174 550 1249; x_wconf 86' lang='lat'>1849</span> <span class='ocrx_word' id='word_1_26' title='bbox 566 1180 652 1234; x_wconf 91' lang='lat' dir='ltr'>vota</span> <span class='ocrx_word' id='word_1_27' title='bbox 668 1171 735 1232; x_wconf 93' lang='lat' dir='ltr'>sol-</span> 
     </span>
     <span class='ocr_line' id='line_1_7' title="bbox 124 1291 734 1374; baseline 0 -20"><span class='ocrx_word' id='word_1_28' title='bbox 124 1291 166 1354; x_wconf 82' lang='lat' dir='ltr'>sit</span> <span class='ocrx_word' id='word_1_29' title='bbox 181 1299 217 1353; x_wconf 95' lang='lat' dir='ltr'>et</span> <span class='ocrx_word' id='word_1_30' title='bbox 233 1311 316 1354; x_wconf 84' lang='lat' dir='ltr'>mox</span> <span class='ocrx_word' id='word_1_31' title='bbox 333 1291 505 1374; x_wconf 90' lang='lat' dir='ltr'>magister</span> <span class='ocrx_word' id='word_1_32' title='bbox 520 1292 734 1354; x_wconf 89' lang='lat' dir='ltr'>novitiorum</span> 
     </span>
     <span class='ocr_line' id='line_1_8' title="bbox 135 1413 735 1494; baseline 0.002 -19"><span class='ocrx_word' id='word_1_33' title='bbox 135 1421 200 1475; x_wconf 90' lang='lat' dir='ltr'>est.</span> <span class='ocrx_word' id='word_1_34' title='bbox 224 1413 331 1476; x_wconf 92' lang='lat' dir='ltr'>Anno</span> <span class='ocrx_word' id='word_1_35' title='bbox 350 1418 425 1476; x_wconf 84' lang='lat'>1851</span> <span class='ocrx_word' id='word_1_36' title='bbox 446 1415 647 1494; x_wconf 91' lang='lat' dir='ltr'>postulatus</span> <span class='ocrx_word' id='word_1_37' title='bbox 659 1414 735 1476; x_wconf 93' lang='lat' dir='ltr'>Mo-</span> 
     </span>
     <span class='ocr_line' id='line_1_9' title="bbox 124 1535 736 1598; baseline 0 0"><span class='ocrx_word' id='word_1_38' title='bbox 124 1538 129 1598; x_wconf 92' lang='lat' dir='ltr'>l</span> <span class='ocrx_word' id='word_1_39' title='bbox 145 1555 172 1598; x_wconf 85' lang='lat' dir='ltr'>S.</span> <span class='ocrx_word' id='word_1_40' title='bbox 187 1535 363 1598; x_wconf 88' lang='lat' dir='ltr'>Bonifacii</span> <span class='ocrx_word' id='word_1_41' title='bbox 380 1535 631 1598; x_wconf 88' lang='lat' dir='ltr'>monasterium</span> <span class='ocrx_word' id='word_1_42' title='bbox 648 1536 736 1598; x_wconf 89' lang='lat' dir='ltr'>abiit</span> 
     </span>
     <span class='ocr_line' id='line_1_10' title="bbox 124 1656 736 1739; baseline -0.002 -19"><span class='ocrx_word' id='word_1_43' title='bbox 124 1677 249 1720; x_wconf 88' lang='lat' dir='ltr'>annum</span> <span class='ocrx_word' id='word_1_44' title='bbox 263 1657 390 1739; x_wconf 91' lang='lat' dir='ltr'>prioris</span> <span class='ocrx_word' id='word_1_45' title='bbox 407 1665 444 1718; x_wconf 91' lang='lat' dir='ltr'>et</span> <span class='ocrx_word' id='word_1_46' title='bbox 459 1656 621 1739; x_wconf 84' lang='lat' dir='ltr'>magistri</span> <span class='ocrx_word' id='word_1_47' title='bbox 638 1657 736 1720; x_wconf 90' lang='lat' dir='ltr'>novi·</span> 
     </span>
     <span class='ocr_line' id='line_1_11' title="bbox 125 1778 736 1842; baseline -0.002 -1"><span class='ocrx_word' id='word_1_48' title='bbox 125 1799 184 1841; x_wconf 90' lang='lat' dir='ltr'>ere</span> <span class='ocrx_word' id='word_1_49' title='bbox 194 1778 337 1842; x_wconf 91' lang='lat' dir='ltr'>functus</span> <span class='ocrx_word' id='word_1_50' title='bbox 350 1788 414 1842; x_wconf 88' lang='lat' dir='ltr'>est.</span> <span class='ocrx_word' id='word_1_51' title='bbox 431 1779 491 1841; x_wconf 91' lang='lat' dir='ltr'>Ad</span> <span class='ocrx_word' id='word_1_52' title='bbox 502 1799 586 1840; x_wconf 91' lang='lat' dir='ltr'>suos</span> <span class='ocrx_word' id='word_1_53' title='bbox 594 1778 736 1840; x_wconf 88' lang='lat' dir='ltr'>rediens</span> 
     </span>
     <span class='ocr_line' id='line_1_12' title="bbox 124 1900 736 1983; baseline -0.002 -19"><span class='ocrx_word' id='word_1_54' title='bbox 124 1900 236 1983; x_wconf 90' lang='lat' dir='ltr'>Afing</span> <span class='ocrx_word' id='word_1_55' title='bbox 257 1921 321 1982; x_wconf 92' lang='lat' dir='ltr'>per</span> <span class='ocrx_word' id='word_1_56' title='bbox 341 1901 539 1982; x_wconf 85' lang='lat' dir='ltr'>triennium,</span> <span class='ocrx_word' id='word_1_57' title='bbox 565 1901 647 1964; x_wconf 93' lang='lat' dir='ltr'>dein</span> <span class='ocrx_word' id='word_1_58' title='bbox 671 1921 736 1983; x_wconf 92' lang='lat' dir='ltr'>per</span> 
     </span>
     <span class='ocr_line' id='line_1_13' title="bbox 132 2020 735 2105; baseline -0.002 -20"><span class='ocrx_word' id='word_1_59' title='bbox 132 2023 309 2105; x_wconf 87' lang='lat' dir='ltr'>parochus</span> <span class='ocrx_word' id='word_1_60' title='bbox 331 2022 366 2085; x_wconf 92' lang='lat' dir='ltr'>in</span> <span class='ocrx_word' id='word_1_61' title='bbox 382 2020 525 2104; x_wconf 89' lang='lat' dir='ltr'>Senale,</span> <span class='ocrx_word' id='word_1_62' title='bbox 554 2027 632 2084; x_wconf 85' lang='lat'>1862</span> <span class='ocrx_word' id='word_1_63' title='bbox 650 2043 735 2085; x_wconf 91' lang='lat' dir='ltr'>vero</span> 
     </span>
     <span class='ocr_line' id='line_1_14' title="bbox 124 2145 734 2228; baseline -0.003 -20"><span class='ocrx_word' id='word_1_64' title='bbox 124 2147 233 2208; x_wconf 93' lang='lat' dir='ltr'>lector</span> <span class='ocrx_word' id='word_1_65' title='bbox 248 2145 453 2228; x_wconf 84' lang='lat' dir='ltr'>theologiae</span> <span class='ocrx_word' id='word_1_66' title='bbox 470 2154 506 2207; x_wconf 92' lang='lat' dir='ltr'>et</span> <span class='ocrx_word' id='word_1_67' title='bbox 522 2145 734 2208; x_wconf 85' lang='lat' dir='ltr'>secretarius</span> 
     </span>
     <span class='ocr_line' id='line_1_15' title="bbox 124 2268 735 2349; baseline 0 -19"><span class='ocrx_word' id='word_1_68' title='bbox 124 2269 230 2330; x_wconf 91' lang='lat' dir='ltr'>ndem</span> <span class='ocrx_word' id='word_1_69' title='bbox 251 2271 330 2346; x_wconf 90' lang='grc'>1873</span> <span class='ocrx_word' id='word_1_70' title='bbox 352 2268 517 2349; x_wconf 90' lang='lat' dir='ltr'>subprior</span> <span class='ocrx_word' id='word_1_71' title='bbox 533 2269 735 2330; x_wconf 90' lang='lat' dir='ltr'>nominatus</span> 
     </span>
     <span class='ocr_line' id='line_1_16' title="bbox 124 2388 733 2472; baseline -0.002 -20"><span class='ocrx_word' id='word_1_72' title='bbox 124 2401 198 2472; x_wconf 64' lang='lat' dir='ltr'>&gt;ost</span> <span class='ocrx_word' id='word_1_73' title='bbox 219 2390 330 2452; x_wconf 92' lang='lat' dir='ltr'>diram</span> <span class='ocrx_word' id='word_1_74' title='bbox 352 2388 590 2452; x_wconf 88' lang='lat' dir='ltr'>infirmitatem</span> <span class='ocrx_word' id='word_1_75' title='bbox 608 2390 665 2452; x_wconf 91' lang='lat' dir='ltr'>die</span> <span class='ocrx_word' id='word_1_76' title='bbox 686 2410 733 2469; x_wconf 89' lang='lat'>17.</span> 
     </span>
    </p>
   </div>
   <div class='ocr_carea' id='block_1_3' title="bbox 127 2625 579 2688">
    <p class='ocr_par' dir='ltr' id='par_1_3' title="bbox 127 2625 579 2688">
     <span class='ocr_line' id='line_1_17' title="bbox 127 2625 579 2688; baseline -0.002 0"><span class='ocrx_word' id='word_1_77' title='bbox 127 2627 217 2688; x_wconf 93' lang='lat' dir='ltr'>duos</span> <span class='ocrx_word' id='word_1_78' title='bbox 232 2625 371 2687; x_wconf 93' lang='lat' dir='ltr'>libellos</span> <span class='ocrx_word' id='word_1_79' title='bbox 389 2625 579 2687; x_wconf 82' lang='lat' dir='ltr'>asceticos:</span> 
     </span>
    </p>
   </div>
   <div class='ocr_carea' id='block_1_4' title="bbox 124 2742 735 3026">
    <p class='ocr_par' dir='ltr' id='par_1_4' title="bbox 124 2742 735 3026">
     <span class='ocr_line' id='line_1_18' title="bbox 124 2742 735 2799; baseline 0.002 -1"><span class='ocrx_word' id='word_1_80' title='bbox 124 2742 252 2798; x_wconf 85' lang='lat' dir='ltr'>enkranz</span> <span class='ocrx_word' id='word_1_81' title='bbox 274 2763 308 2798; x_wconf 90' lang='lat' dir='ltr'>zu</span> <span class='ocrx_word' id='word_1_82' title='bbox 330 2742 432 2798; x_wconf 88' lang='lat' dir='ltr'>Ehren</span> <span class='ocrx_word' id='word_1_83' title='bbox 453 2742 507 2798; x_wconf 89' lang='lat' dir='ltr'>der</span> <span class='ocrx_word' id='word_1_84' title='bbox 527 2743 595 2799; x_wconf 88' lang='lat' dir='ltr'>heil.</span> <span class='ocrx_word' id='word_1_85' title='bbox 615 2743 735 2799; x_wconf 87' lang='lat' dir='ltr'>Herzen</span> 
     </span>
     <span class='ocr_line' id='line_1_19' title="bbox 124 2843 733 2925; baseline 0 -22"><span class='ocrx_word' id='word_1_86' title='bbox 124 2849 171 2903; x_wconf 84' lang='lat' dir='ltr'>ia.</span> <span class='ocrx_word' id='word_1_87' title='bbox 197 2843 226 2923; x_wconf 84' lang='lat' dir='ltr'>(i.</span> <span class='ocrx_word' id='word_1_88' title='bbox 249 2866 276 2903; x_wconf 91' lang='lat' dir='ltr'>e.</span> <span class='ocrx_word' id='word_1_89' title='bbox 297 2848 429 2903; x_wconf 81' lang='lat' dir='ltr'>Devotio</span> <span class='ocrx_word' id='word_1_90' title='bbox 446 2866 487 2903; x_wconf 92' lang='lat' dir='ltr'>ss.</span> <span class='ocrx_word' id='word_1_91' title='bbox 506 2844 599 2925; x_wconf 81' lang='lat' dir='ltr'>cord.)</span> <span class='ocrx_word' id='word_1_92' title='bbox 624 2849 733 2914; x_wconf 77' lang='lat' dir='ltr'>Boreo,</span> 
     </span>
     <span class='ocr_line' id='line_1_20' title="bbox 124 2948 733 3026; baseline 0 -19"><span class='ocrx_word' id='word_1_93' title='bbox 124 2951 192 3007; x_wconf 70' lang='lat' dir='ltr'>luth.</span> <span class='ocrx_word' id='word_1_94' title='bbox 214 2948 304 3023; x_wconf 84' lang='lat'>1865.</span> <span class='ocrx_word' id='word_1_95' title='bbox 327 2957 385 3007; x_wconf 85' lang='lat'>12⁰.</span> <span class='ocrx_word' id='word_1_96' title='bbox 404 2951 481 3007; x_wconf 88' lang='lat' dir='ltr'>duae</span> <span class='ocrx_word' id='word_1_97' title='bbox 494 2965 605 3026; x_wconf 75' lang='lat' dir='ltr'>partes</span> <span class='ocrx_word' id='word_1_98' title='bbox 628 2950 687 3007; x_wconf 78' lang='lat'>160</span> <span class='ocrx_word' id='word_1_99' title='bbox 703 2966 733 3007; x_wconf 86' lang='lat' dir='ltr'>et</span> 
     </span>
    </p>
   </div>
   <div class='ocr_carea' id='block_1_5' title="bbox 124 3159 732 3447">
    <p class='ocr_par' dir='ltr' id='par_1_5' title="bbox 124 3159 732 3447">
     <span class='ocr_line' id='line_1_21' title="bbox 124 3159 732 3235; baseline 0.003 -20"><span class='ocrx_word' id='word_1_100' title='bbox 124 3179 133 3215; x_wconf 80' lang='lat' dir='ltr'>s</span> <span class='ocrx_word' id='word_1_101' title='bbox 154 3161 233 3215; x_wconf 89' lang='lat' dir='ltr'>mein</span> <span class='ocrx_word' id='word_1_102' title='bbox 253 3159 344 3215; x_wconf 80' lang='lat' dir='ltr'>Alles</span> <span class='ocrx_word' id='word_1_103' title='bbox 370 3159 597 3235; x_wconf 76' lang='lat' dir='ltr'>Vollstandiges</span> <span class='ocrx_word' id='word_1_104' title='bbox 618 3160 732 3217; x_wconf 87' lang='lat' dir='ltr'>Gebet·</span> 
     </span>
     <span class='ocr_line' id='line_1_22' title="bbox 124 3263 731 3339; baseline 0.003 -20"><span class='ocrx_word' id='word_1_105' title='bbox 124 3265 248 3320; x_wconf 82' lang='lat' dir='ltr'>:Zeiten</span> <span class='ocrx_word' id='word_1_106' title='bbox 272 3263 326 3320; x_wconf 90' lang='lat' dir='ltr'>des</span> <span class='ocrx_word' id='word_1_107' title='bbox 349 3283 464 3338; x_wconf 89' lang='lat' dir='ltr'>ganzen</span> <span class='ocrx_word' id='word_1_108' title='bbox 490 3265 731 3339; x_wconf 79' lang='lat' dir='ltr'>Kirchenjahres</span> 
     </span>
     <span class='ocr_line' id='line_1_23' title="bbox 124 3366 731 3447; baseline 0.002 -22"><span class='ocrx_word' id='word_1_109' title='bbox 124 3366 266 3447; x_wconf 88' lang='lat' dir='ltr'>precum.)</span> <span class='ocrx_word' id='word_1_110' title='bbox 293 3371 401 3432; x_wconf 81' lang='lat' dir='ltr'>Bozen,</span> <span class='ocrx_word' id='word_1_111' title='bbox 432 3389 479 3445; x_wconf 86' lang='lat' dir='ltr'>ap.</span> <span class='ocrx_word' id='word_1_112' title='bbox 506 3370 731 3426; x_wconf 87' lang='lat' dir='ltr'>Kirchlechner.</span> 
     </span>
    </p>
   </div>
   <div class='ocr_carea' id='block_1_6' title="bbox 124 3583 732 3795">
    <p class='ocr_par' dir='ltr' id='par_1_6' title="bbox 124 3583 732 3795">
     <span class='ocr_line' id='line_1_24' title="bbox 124 3583 732 3679; baseline 0 -21"><span class='ocrx_word' id='word_1_113' title='bbox 124 3583 187 3658; x_wconf 79' lang='lat' dir='ltr'>udi</span> <span class='ocrx_word' id='word_1_114' title='bbox 206 3593 732 3679; x_wconf 86' lang='lat' dir='ltr'>(anteaKoronits)Tobias</span> 
     </span>
     <span class='ocr_line' id='line_1_25' title="bbox 124 3713 731 3795; baseline 0.003 -21"><span class='ocrx_word' id='word_1_115' title='bbox 124 3735 150 3775; x_wconf 84' lang='lat' dir='ltr'>.s</span> <span class='ocrx_word' id='word_1_116' title='bbox 172 3715 234 3794; x_wconf 92' lang='lat' dir='ltr'>(de</span> <span class='ocrx_word' id='word_1_117' title='bbox 255 3733 281 3774; x_wconf 85' lang='lat' dir='ltr'>S.</span> <span class='ocrx_word' id='word_1_118' title='bbox 302 3713 445 3775; x_wconf 88' lang='lat' dir='ltr'>Monte</span> <span class='ocrx_word' id='word_1_119' title='bbox 466 3713 731 3795; x_wconf 85' lang='lat' dir='ltr'>Pannoniae),</span> 
     </span>
    </p>
   </div>
   <div class='ocr_carea' id='block_1_7' title="bbox 124 3835 732 4769">
    <p class='ocr_par' dir='ltr' id='par_1_7' title="bbox 124 3835 732 4769">
     <span class='ocr_line' id='line_1_26' title="bbox 130 3835 730 3917; baseline -0.002 -19"><span class='ocrx_word' id='word_1_120' title='bbox 130 3855 219 3898; x_wconf 94' lang='lat' dir='ltr'>com.</span> <span class='ocrx_word' id='word_1_121' title='bbox 233 3835 351 3897; x_wconf 91' lang='lat' dir='ltr'>Zalad.</span> <span class='ocrx_word' id='word_1_122' title='bbox 364 3836 399 3897; x_wconf 91' lang='lat' dir='ltr'>in</span> <span class='ocrx_word' id='word_1_123' title='bbox 408 3835 594 3917; x_wconf 87' lang='lat' dir='ltr'>Hungaria</span> <span class='ocrx_word' id='word_1_124' title='bbox 607 3835 664 3898; x_wconf 93' lang='lat' dir='ltr'>die</span> <span class='ocrx_word' id='word_1_125' title='bbox 679 3857 730 3897; x_wconf 89' lang='lat'>20.</span> 
     </span>
     <span class='ocr_line' id='line_1_27' title="bbox 124 3954 730 4038; baseline 0.005 -21"><span class='ocrx_word' id='word_1_126' title='bbox 124 3968 196 4037; x_wconf 87' lang='lat' dir='ltr'>tus,</span> <span class='ocrx_word' id='word_1_127' title='bbox 218 3976 245 4017; x_wconf 94' lang='lat' dir='ltr'>s.</span> <span class='ocrx_word' id='word_1_128' title='bbox 262 3957 385 4018; x_wconf 92' lang='lat' dir='ltr'>habitu</span> <span class='ocrx_word' id='word_1_129' title='bbox 408 3956 465 4017; x_wconf 91' lang='lat' dir='ltr'>die</span> <span class='ocrx_word' id='word_1_130' title='bbox 482 3960 511 4019; x_wconf 90' lang='lat'>8.</span> <span class='ocrx_word' id='word_1_131' title='bbox 529 3954 629 4038; x_wconf 88' lang='lat' dir='ltr'>Sept.</span> <span class='ocrx_word' id='word_1_132' title='bbox 649 3961 730 4020; x_wconf 84' lang='lat'>1866</span> 
     </span>
     <span class='ocr_line' id='line_1_28' title="bbox 124 4077 730 4157; baseline 0 -16"><span class='ocrx_word' id='word_1_133' title='bbox 124 4087 167 4141; x_wconf 86' lang='lat' dir='ltr'>ta</span> <span class='ocrx_word' id='word_1_134' title='bbox 190 4077 373 4140; x_wconf 88' lang='lat' dir='ltr'>sollemnia</span> <span class='ocrx_word' id='word_1_135' title='bbox 401 4081 478 4156; x_wconf 83' lang='lat'>1872</span> <span class='ocrx_word' id='word_1_136' title='bbox 509 4077 566 4139; x_wconf 93' lang='lat' dir='ltr'>die</span> <span class='ocrx_word' id='word_1_137' title='bbox 592 4096 642 4157; x_wconf 90' lang='lat'>27.</span> <span class='ocrx_word' id='word_1_138' title='bbox 667 4078 730 4142; x_wconf 93' lang='lat' dir='ltr'>Iul.</span> 
     </span>
     <span class='ocr_line' id='line_1_29' title="bbox 124 4200 731 4282; baseline 0.002 -20"><span class='ocrx_word' id='word_1_139' title='bbox 124 4201 237 4263; x_wconf 58' lang='lat' dir='ltr'>solutis</span> <span class='ocrx_word' id='word_1_140' title='bbox 253 4200 289 4262; x_wconf 92' lang='lat' dir='ltr'>in</span> <span class='ocrx_word' id='word_1_141' title='bbox 306 4220 332 4262; x_wconf 81' lang='lat' dir='ltr'>s,</span> <span class='ocrx_word' id='word_1_142' title='bbox 349 4208 468 4262; x_wconf 91' lang='lat' dir='ltr'>monte</span> <span class='ocrx_word' id='word_1_143' title='bbox 485 4220 512 4261; x_wconf 94' lang='lat' dir='ltr'>s.</span> <span class='ocrx_word' id='word_1_144' title='bbox 528 4201 731 4282; x_wconf 84' lang='lat' dir='ltr'>theologiae</span> 
     </span>
     <span class='ocr_line' id='line_1_30' title="bbox 124 4321 732 4403; baseline -0.002 -19"><span class='ocrx_word' id='word_1_145' title='bbox 124 4342 170 4401; x_wconf 87' lang='grc'>27.</span> <span class='ocrx_word' id='word_1_146' title='bbox 180 4322 243 4384; x_wconf 90' lang='lat' dir='ltr'>Iul.</span> <span class='ocrx_word' id='word_1_147' title='bbox 258 4325 336 4400; x_wconf 91' lang='grc'>1873</span> <span class='ocrx_word' id='word_1_148' title='bbox 347 4322 538 4403; x_wconf 88' lang='lat' dir='ltr'>presbyter</span> <span class='ocrx_word' id='word_1_149' title='bbox 549 4321 732 4385; x_wconf 91' lang='lat' dir='ltr'>ordinatus</span> 
     </span>
     <span class='ocr_line' id='line_1_31' title="bbox 124 4444 732 4526; baseline 0 -19"><span class='ocrx_word' id='word_1_150' title='bbox 124 4464 133 4506; x_wconf 87' lang='lat'><strong>&gt;</strong></span> <span class='ocrx_word' id='word_1_151' title='bbox 156 4453 317 4525; x_wconf 91' lang='lat' dir='ltr'>tempore</span> <span class='ocrx_word' id='word_1_152' title='bbox 338 4444 384 4504; x_wconf 89' lang='lat' dir='ltr'>ad</span> <span class='ocrx_word' id='word_1_153' title='bbox 405 4463 535 4505; x_wconf 89' lang='lat' dir='ltr'>annum</span> <span class='ocrx_word' id='word_1_154' title='bbox 556 4447 635 4522; x_wconf 89' lang='lat'>1874</span> <span class='ocrx_word' id='word_1_155' title='bbox 652 4464 732 4526; x_wconf 94' lang='lat' dir='ltr'>pro-</span> 
     </span>
     <span class='ocr_line' id='line_1_32' title="bbox 124 4564 732 4667; baseline 0 -39"><span class='ocrx_word' id='word_1_156' title='bbox 124 4564 732 4667; x_wconf 53' lang='lat' dir='ltr'>1.Sopronii,1874-77Comaromii,</span> 
     </span>
     <span class='ocr_line' id='line_1_33' title="bbox 131 4686 696 4769; baseline 0.004 -20"><span class='ocrx_word' id='word_1_157' title='bbox 131 4707 257 4750; x_wconf 91' lang='lat' dir='ltr'>munus</span> <span class='ocrx_word' id='word_1_158' title='bbox 273 4688 403 4749; x_wconf 92' lang='lat' dir='ltr'>Iaurini</span> <span class='ocrx_word' id='word_1_159' title='bbox 420 4688 505 4749; x_wconf 92' lang='lat' dir='ltr'>obit.</span> <span class='ocrx_word' id='word_1_160' title='bbox 530 4686 696 4769; x_wconf 87' lang='lat' dir='ltr'>Scripsit:</span> 
     </span>
    </p>
   </div>
   <div class='ocr_carea' id='block_1_8' title="bbox 123 4812 731 5100">
    <p class='ocr_par' dir='ltr' id='par_1_8' title="bbox 123 4812 731 5100">
     <span class='ocr_line' id='line_1_34' title="bbox 124 4812 731 4869; baseline 0 -1"><span class='ocrx_word' id='word_1_161' title='bbox 124 4812 330 4868; x_wconf 78' lang='lat' dir='ltr'>irdmaiaknail</span> <span class='ocrx_word' id='word_1_162' title='bbox 347 4812 442 4868; x_wconf 80' lang='lat' dir='ltr'>divott</span> <span class='ocrx_word' id='word_1_163' title='bbox 459 4813 563 4869; x_wconf 89' lang='lat' dir='ltr'>halotti</span> <span class='ocrx_word' id='word_1_164' title='bbox 579 4812 731 4868; x_wconf 76' lang='lat' dir='ltr'>szokt&#39;tsok</span> 
     </span>
     <span class='ocr_line' id='line_1_35' title="bbox 124 4913 730 4994; baseline 0 -23"><span class='ocrx_word' id='word_1_165' title='bbox 124 4915 164 4973; x_wconf 78' lang='grc'>111.</span> <span class='ocrx_word' id='word_1_166' title='bbox 185 4916 327 4990; x_wconf 77' lang='lat' dir='ltr'>Regisegi</span> <span class='ocrx_word' id='word_1_167' title='bbox 345 4916 525 4991; x_wconf 80' lang='lat' dir='ltr'>tanulma&#39;my.</span> <span class='ocrx_word' id='word_1_168' title='bbox 543 4913 572 4994; x_wconf 88' lang='lat' dir='ltr'>(i.</span> <span class='ocrx_word' id='word_1_169' title='bbox 586 4935 612 4971; x_wconf 91' lang='lat' dir='ltr'>e.</span> <span class='ocrx_word' id='word_1_170' title='bbox 626 4916 673 4972; x_wconf 89' lang='lat' dir='ltr'>De</span> <span class='ocrx_word' id='word_1_171' title='bbox 686 4916 730 4971; x_wconf 87' lang='lat' dir='ltr'>su-</span> 
     </span>
     <span class='ocr_line' id='line_1_36' title="bbox 123 5019 730 5100; baseline 0 -25"><span class='ocrx_word' id='word_1_172' title='bbox 123 5019 267 5100; x_wconf 83' lang='lat' dir='ltr'>anorum.)</span> <span class='ocrx_word' id='word_1_173' title='bbox 292 5022 325 5076; x_wconf 93' lang='lat' dir='ltr'>ln</span> <span class='ocrx_word' id='word_1_174' title='bbox 345 5040 448 5096; x_wconf 86' lang='lat' dir='ltr'>progr.</span> <span class='ocrx_word' id='word_1_175' title='bbox 466 5040 566 5095; x_wconf 89' lang='lat' dir='ltr'>gymn.</span> <span class='ocrx_word' id='word_1_176' title='bbox 583 5020 730 5076; x_wconf 87' lang='lat' dir='ltr'>Comaro-</span> 
     </span>
    </p>
   </div>
   <div class='ocr_carea' id='block_1_9' title="bbox 124 5130 729 5302">
    <p class='ocr_par' dir='ltr' id='par_1_9' title="bbox 124 5130 729 5302">
     <span class='ocr_line' id='line_1_37' title="bbox 124 5130 385 5181; baseline 0.011 -3"><span class='ocrx_word' id='word_1_177' title='bbox 124 5138 146 5178; x_wconf 91' lang='lat'>·.</span> <span class='ocrx_word' id='word_1_178' title='bbox 183 5130 206 5181; x_wconf 82' lang='lat'>⁰.</span> <span class='ocrx_word' id='word_1_179' title='bbox 245 5167 251 5181; x_wconf 92' lang='lat'><strong>.</strong></span> <span class='ocrx_word' id='word_1_180' title='bbox 290 5140 385 5181; x_wconf 87' lang='lat'>-12.</span> 
     </span>
     <span class='ocr_line' id='line_1_38' title="bbox 124 5139 729 5302; baseline 0.002 -21"><span class='ocrx_word' id='word_1_181' title='bbox 124 5140 187 5283; x_wconf 67' lang='lat' dir='ltr'>hui&gt;</span> <span class='ocrx_word' id='word_1_182' title='bbox 204 5139 286 5285; x_wconf 54' lang='grc'>1883</span> <span class='ocrx_word' id='word_1_183' title='bbox 299 5228 410 5302; x_wconf 86' lang='lat' dir='ltr'>redigit</span> <span class='ocrx_word' id='word_1_184' title='bbox 422 5226 541 5284; x_wconf 90' lang='lat' dir='ltr'>libellos</span> <span class='ocrx_word' id='word_1_185' title='bbox 554 5226 729 5302; x_wconf 86' lang='lat' dir='ltr'>periodicos</span> 
     </span>
    </p>
   </div>
   <div class='ocr_carea' id='block_1_10' title="bbox 815 673 1650 2592">
    <p class='ocr_par' dir='ltr' id='par_1_10' title="bbox 815 673 1650 2465">
     <span class='ocr_line' id='line_1_39' title="bbox 902 673 1649 770; baseline 0.003 -23"><span class='ocrx_word' id='word_1_186' title='bbox 902 673 1106 770; x_wconf 85' lang='lat' dir='ltr'>Kittinger</span> <span class='ocrx_word' id='word_1_187' title='bbox 1142 686 1400 750; x_wconf 87' lang='lat' dir='ltr'>Benedictus</span> <span class='ocrx_word' id='word_1_188' title='bbox 1433 686 1649 768; x_wconf 86' lang='lat' dir='ltr'>(Cremifa-</span> 
     </span>
     <span class='ocr_line' id='line_1_40' title="bbox 816 802 1644 886; baseline 0.002 -21"><span class='ocrx_word' id='word_1_189' title='bbox 816 803 983 885; x_wconf 79' lang='lat' dir='ltr'>nensis),</span> <span class='ocrx_word' id='word_1_190' title='bbox 1000 813 1107 865; x_wconf 89' lang='lat' dir='ltr'>antea</span> <span class='ocrx_word' id='word_1_191' title='bbox 1123 802 1311 886; x_wconf 89' lang='lat' dir='ltr'>Georgius,</span> <span class='ocrx_word' id='word_1_192' title='bbox 1334 804 1391 866; x_wconf 93' lang='lat' dir='ltr'>die</span> <span class='ocrx_word' id='word_1_193' title='bbox 1409 809 1439 869; x_wconf 87' lang='lat'>8.</span> <span class='ocrx_word' id='word_1_194' title='bbox 1456 805 1544 886; x_wconf 92' lang='lat' dir='ltr'>Apr.</span> <span class='ocrx_word' id='word_1_195' title='bbox 1566 826 1644 885; x_wconf 80' lang='lat'>¹792</span> 
     </span>
     <span class='ocr_line' id='line_1_41' title="bbox 816 924 1647 1007; baseline 0.004 -22"><span class='ocrx_word' id='word_1_196' title='bbox 816 924 851 986; x_wconf 93' lang='lat' dir='ltr'>in</span> <span class='ocrx_word' id='word_1_197' title='bbox 879 924 1092 988; x_wconf 90' lang='lat' dir='ltr'>Losenstein</span> <span class='ocrx_word' id='word_1_198' title='bbox 1120 925 1312 1007; x_wconf 90' lang='lat' dir='ltr'>superioris</span> <span class='ocrx_word' id='word_1_199' title='bbox 1340 925 1509 989; x_wconf 89' lang='lat' dir='ltr'>Austriae</span> <span class='ocrx_word' id='word_1_200' title='bbox 1540 938 1647 989; x_wconf 91' lang='lat' dir='ltr'>natus</span> 
     </span>
     <span class='ocr_line' id='line_1_42' title="bbox 816 1045 1649 1130; baseline 0.004 -22"><span class='ocrx_word' id='word_1_201' title='bbox 816 1047 989 1109; x_wconf 89' lang='lat' dir='ltr'>absolutis</span> <span class='ocrx_word' id='word_1_202' title='bbox 1010 1045 1202 1109; x_wconf 87' lang='lat' dir='ltr'>Cremifani</span> <span class='ocrx_word' id='word_1_203' title='bbox 1221 1048 1451 1110; x_wconf 90' lang='lat' dir='ltr'>humanitatis</span> <span class='ocrx_word' id='word_1_204' title='bbox 1475 1057 1511 1111; x_wconf 89' lang='lat' dir='ltr'>et</span> <span class='ocrx_word' id='word_1_205' title='bbox 1535 1048 1649 1130; x_wconf 94' lang='lat' dir='ltr'>philo-</span> 
     </span>
     <span class='ocr_line' id='line_1_43' title="bbox 815 1168 1648 1252; baseline 0.004 -22"><span class='ocrx_word' id='word_1_206' title='bbox 815 1168 963 1249; x_wconf 90' lang='lat' dir='ltr'>sophiae</span> <span class='ocrx_word' id='word_1_207' title='bbox 987 1168 1113 1231; x_wconf 92' lang='lat' dir='ltr'>studiis</span> <span class='ocrx_word' id='word_1_208' title='bbox 1138 1179 1174 1231; x_wconf 88' lang='lat' dir='ltr'>et</span> <span class='ocrx_word' id='word_1_209' title='bbox 1198 1178 1314 1232; x_wconf 92' lang='lat' dir='ltr'>sumto</span> <span class='ocrx_word' id='word_1_210' title='bbox 1335 1169 1460 1232; x_wconf 92' lang='lat' dir='ltr'>habitu</span> <span class='ocrx_word' id='word_1_211' title='bbox 1480 1169 1648 1252; x_wconf 88' lang='lat' dir='ltr'>religioso</span> 
     </span>
     <span class='ocr_line' id='line_1_44' title="bbox 816 1289 1647 1370; baseline 0.002 -19"><span class='ocrx_word' id='word_1_212' title='bbox 816 1290 873 1351; x_wconf 93' lang='lat' dir='ltr'>die</span> <span class='ocrx_word' id='word_1_213' title='bbox 901 1294 947 1351; x_wconf 92' lang='grc'>13.</span> <span class='ocrx_word' id='word_1_214' title='bbox 969 1290 1044 1352; x_wconf 89' lang='lat' dir='ltr'>Iun.</span> <span class='ocrx_word' id='word_1_215' title='bbox 1071 1294 1147 1352; x_wconf 89' lang='lat'>1821</span> <span class='ocrx_word' id='word_1_216' title='bbox 1177 1289 1360 1370; x_wconf 90' lang='lat' dir='ltr'>professus</span> <span class='ocrx_word' id='word_1_217' title='bbox 1382 1290 1541 1353; x_wconf 91' lang='lat' dir='ltr'>eiusdem</span> <span class='ocrx_word' id='word_1_218' title='bbox 1565 1293 1647 1355; x_wconf 91' lang='lat' dir='ltr'>anni</span> 
     </span>
     <span class='ocr_line' id='line_1_45' title="bbox 817 1409 1649 1494; baseline 0.004 -21"><span class='ocrx_word' id='word_1_219' title='bbox 817 1432 845 1474; x_wconf 93' lang='lat'>2.</span> <span class='ocrx_word' id='word_1_220' title='bbox 863 1409 962 1493; x_wconf 90' lang='lat' dir='ltr'>Sept.</span> <span class='ocrx_word' id='word_1_221' title='bbox 980 1421 1166 1494; x_wconf 90' lang='lat' dir='ltr'>neomysta</span> <span class='ocrx_word' id='word_1_222' title='bbox 1182 1415 1228 1475; x_wconf 91' lang='lat' dir='ltr'>ad</span> <span class='ocrx_word' id='word_1_223' title='bbox 1244 1433 1341 1475; x_wconf 89' lang='lat' dir='ltr'>aram</span> <span class='ocrx_word' id='word_1_224' title='bbox 1358 1413 1468 1476; x_wconf 90' lang='lat' dir='ltr'>stetit.</span> <span class='ocrx_word' id='word_1_225' title='bbox 1491 1413 1649 1476; x_wconf 89' lang='lat' dir='ltr'>Primum</span> 
     </span>
     <span class='ocr_line' id='line_1_46' title="bbox 817 1534 1649 1615; baseline 0.002 -19"><span class='ocrx_word' id='word_1_226' title='bbox 817 1553 1010 1596; x_wconf 84' lang='lat' dir='ltr'>excurrens</span> <span class='ocrx_word' id='word_1_227' title='bbox 1027 1536 1072 1596; x_wconf 91' lang='lat' dir='ltr'>ad</span> <span class='ocrx_word' id='word_1_228' title='bbox 1089 1534 1278 1615; x_wconf 90' lang='lat' dir='ltr'>parochias</span> <span class='ocrx_word' id='word_1_229' title='bbox 1299 1536 1513 1599; x_wconf 89' lang='lat' dir='ltr'>monasterio</span> <span class='ocrx_word' id='word_1_230' title='bbox 1535 1536 1649 1599; x_wconf 91' lang='lat' dir='ltr'>incor-</span> 
     </span>
     <span class='ocr_line' id='line_1_47' title="bbox 816 1654 1650 1739; baseline 0.005 -22"><span class='ocrx_word' id='word_1_231' title='bbox 816 1665 962 1735; x_wconf 88' lang='lat' dir='ltr'>poratas</span> <span class='ocrx_word' id='word_1_232' title='bbox 979 1664 1015 1717; x_wconf 94' lang='lat' dir='ltr'>et</span> <span class='ocrx_word' id='word_1_233' title='bbox 1027 1654 1209 1737; x_wconf 86' lang='lat' dir='ltr'>professor</span> <span class='ocrx_word' id='word_1_234' title='bbox 1222 1658 1405 1739; x_wconf 89' lang='lat' dir='ltr'>supplens,</span> <span class='ocrx_word' id='word_1_235' title='bbox 1418 1658 1546 1721; x_wconf 93' lang='lat' dir='ltr'>deinde</span> <span class='ocrx_word' id='word_1_236' title='bbox 1560 1660 1650 1721; x_wconf 91' lang='lat' dir='ltr'>clas-</span> 
     </span>
     <span class='ocr_line' id='line_1_48' title="bbox 816 1776 1650 1863; baseline 0.006 -25"><span class='ocrx_word' id='word_1_237' title='bbox 816 1776 906 1838; x_wconf 93' lang='lat' dir='ltr'>sium</span> <span class='ocrx_word' id='word_1_238' title='bbox 923 1778 1240 1860; x_wconf 89' lang='lat' dir='ltr'>grammaticalium</span> <span class='ocrx_word' id='word_1_239' title='bbox 1262 1790 1298 1842; x_wconf 90' lang='lat' dir='ltr'>et</span> <span class='ocrx_word' id='word_1_240' title='bbox 1318 1780 1546 1843; x_wconf 91' lang='lat' dir='ltr'>humanitatis</span> <span class='ocrx_word' id='word_1_241' title='bbox 1568 1800 1650 1863; x_wconf 91' lang='lat' dir='ltr'>pro-</span> 
     </span>
     <span class='ocr_line' id='line_1_49' title="bbox 816 1897 1650 1982; baseline 0.005 -22"><span class='ocrx_word' id='word_1_242' title='bbox 816 1897 940 1980; x_wconf 91' lang='lat' dir='ltr'>fessor,</span> <span class='ocrx_word' id='word_1_243' title='bbox 966 1903 1134 1978; x_wconf 80' lang='lat'>1841-46</span> <span class='ocrx_word' id='word_1_244' title='bbox 1157 1900 1339 1982; x_wconf 86' lang='lat' dir='ltr'>professor</span> <span class='ocrx_word' id='word_1_245' title='bbox 1363 1901 1545 1964; x_wconf 90' lang='lat' dir='ltr'>doctrinae</span> <span class='ocrx_word' id='word_1_246' title='bbox 1569 1902 1650 1964; x_wconf 93' lang='lat' dir='ltr'>reli·</span> 
     </span>
     <span class='ocr_line' id='line_1_50' title="bbox 816 2019 1650 2104; baseline 0.006 -22"><span class='ocrx_word' id='word_1_247' title='bbox 816 2019 932 2102; x_wconf 91' lang='lat' dir='ltr'>gionis</span> <span class='ocrx_word' id='word_1_248' title='bbox 958 2021 992 2084; x_wconf 93' lang='lat' dir='ltr'>in</span> <span class='ocrx_word' id='word_1_249' title='bbox 1015 2022 1133 2104; x_wconf 83' lang='lat' dir='ltr'>lyceo;</span> <span class='ocrx_word' id='word_1_250' title='bbox 1158 2042 1222 2103; x_wconf 94' lang='lat' dir='ltr'>per</span> <span class='ocrx_word' id='word_1_251' title='bbox 1245 2023 1426 2086; x_wconf 93' lang='lat' dir='ltr'>biennium</span> <span class='ocrx_word' id='word_1_252' title='bbox 1450 2024 1587 2087; x_wconf 91' lang='lat' dir='ltr'>culinae</span> <span class='ocrx_word' id='word_1_253' title='bbox 1612 2034 1650 2087; x_wconf 87' lang='lat' dir='ltr'>et</span> 
     </span>
     <span class='ocr_line' id='line_1_51' title="bbox 815 2142 1649 2226; baseline 0.006 -22"><span class='ocrx_word' id='word_1_254' title='bbox 815 2143 996 2205; x_wconf 90' lang='lat' dir='ltr'>hortorum</span> <span class='ocrx_word' id='word_1_255' title='bbox 1021 2142 1235 2225; x_wconf 87' lang='lat' dir='ltr'>praefectus,</span> <span class='ocrx_word' id='word_1_256' title='bbox 1260 2154 1388 2226; x_wconf 91' lang='lat' dir='ltr'>postea</span> <span class='ocrx_word' id='word_1_257' title='bbox 1411 2148 1588 2226; x_wconf 92' lang='lat' dir='ltr'>parochus</span> <span class='ocrx_word' id='word_1_258' title='bbox 1611 2147 1649 2209; x_wconf 91' lang='lat' dir='ltr'>in</span> 
     </span>
     <span class='ocr_line' id='line_1_52' title="bbox 816 2262 1649 2347; baseline 0.002 -19"><span class='ocrx_word' id='word_1_259' title='bbox 816 2262 1042 2346; x_wconf 88' lang='lat' dir='ltr'>Sipbachzell</span> <span class='ocrx_word' id='word_1_260' title='bbox 1059 2273 1095 2328; x_wconf 90' lang='lat' dir='ltr'>et</span> <span class='ocrx_word' id='word_1_261' title='bbox 1111 2264 1374 2347; x_wconf 89' lang='lat' dir='ltr'>Pfarrkirchen,</span> <span class='ocrx_word' id='word_1_262' title='bbox 1396 2266 1485 2329; x_wconf 91' lang='lat' dir='ltr'>obiit</span> <span class='ocrx_word' id='word_1_263' title='bbox 1506 2272 1556 2330; x_wconf 92' lang='grc'>31.</span> <span class='ocrx_word' id='word_1_264' title='bbox 1573 2268 1649 2331; x_wconf 91' lang='lat' dir='ltr'>Mai</span> 
     </span>
     <span class='ocr_line' id='line_1_53' title="bbox 820 2389 910 2465; baseline 0.011 -18"><span class='ocrx_word' id='word_1_265' title='bbox 820 2389 910 2465; x_wconf 88' lang='grc'>1871.</span> 
     </span>
    </p>

    <p class='ocr_par' dir='ltr' id='par_1_11' title="bbox 902 2509 1647 2592">
     <span class='ocr_line' id='line_1_54' title="bbox 902 2509 1647 2592; baseline 0.003 -21"><span class='ocrx_word' id='word_1_266' title='bbox 902 2509 967 2571; x_wconf 93' lang='lat' dir='ltr'>Vir</span> <span class='ocrx_word' id='word_1_267' title='bbox 982 2509 1109 2571; x_wconf 93' lang='lat' dir='ltr'>studiis</span> <span class='ocrx_word' id='word_1_268' title='bbox 1126 2510 1316 2571; x_wconf 88' lang='lat' dir='ltr'>admodum</span> <span class='ocrx_word' id='word_1_269' title='bbox 1334 2509 1474 2572; x_wconf 90' lang='lat' dir='ltr'>deditus</span> <span class='ocrx_word' id='word_1_270' title='bbox 1487 2510 1647 2592; x_wconf 91' lang='lat' dir='ltr'>scripsit:</span> 
     </span>
    </p>
   </div>
   <div class='ocr_carea' id='block_1_11' title="bbox 814 2636 1648 3129">
    <p class='ocr_par' dir='ltr' id='par_1_12' title="bbox 814 2636 1648 3129">
     <span class='ocr_line' id='line_1_55' title="bbox 901 2636 1648 2711; baseline 0.004 -20"><span class='ocrx_word' id='word_1_271' title='bbox 901 2636 972 2691; x_wconf 89' lang='lat' dir='ltr'>Piae</span> <span class='ocrx_word' id='word_1_272' title='bbox 988 2637 1151 2692; x_wconf 86' lang='lat' dir='ltr'>memoriae</span> <span class='ocrx_word' id='word_1_273' title='bbox 1168 2637 1321 2691; x_wconf 90' lang='lat' dir='ltr'>Francisci</span> <span class='ocrx_word' id='word_1_274' title='bbox 1335 2636 1357 2691; x_wconf 88' lang='lat'>1.</span> <span class='ocrx_word' id='word_1_275' title='bbox 1375 2637 1566 2711; x_wconf 88' lang='lat' dir='ltr'>imperatoris</span> <span class='ocrx_word' id='word_1_276' title='bbox 1582 2656 1648 2694; x_wconf 90' lang='lat' dir='ltr'>mo-</span> 
     </span>
     <span class='ocr_line' id='line_1_56' title="bbox 814 2739 1648 2816; baseline 0.005 -21"><span class='ocrx_word' id='word_1_277' title='bbox 814 2739 853 2797; x_wconf 94' lang='lat' dir='ltr'>do</span> <span class='ocrx_word' id='word_1_278' title='bbox 871 2739 1013 2807; x_wconf 85' lang='lat' dir='ltr'>defuncti,</span> <span class='ocrx_word' id='word_1_279' title='bbox 1031 2740 1189 2796; x_wconf 85' lang='lat' dir='ltr'>celsissimi</span> <span class='ocrx_word' id='word_1_280' title='bbox 1205 2753 1296 2814; x_wconf 85' lang='lat' dir='ltr'>atque</span> <span class='ocrx_word' id='word_1_281' title='bbox 1309 2741 1513 2813; x_wconf 85' lang='lat' dir='ltr'>augustissimi</span> <span class='ocrx_word' id='word_1_282' title='bbox 1530 2745 1648 2816; x_wconf 87' lang='lat' dir='ltr'>patriae</span> 
     </span>
     <span class='ocr_line' id='line_1_57' title="bbox 814 2843 1648 2921; baseline 0.002 -21"><span class='ocrx_word' id='word_1_283' title='bbox 814 2846 959 2921; x_wconf 87' lang='lat' dir='ltr'>principis</span> <span class='ocrx_word' id='word_1_284' title='bbox 975 2844 1171 2901; x_wconf 88' lang='lat' dir='ltr'>devotissime</span> <span class='ocrx_word' id='word_1_285' title='bbox 1187 2857 1349 2911; x_wconf 87' lang='lat' dir='ltr'>sacratum,</span> <span class='ocrx_word' id='word_1_286' title='bbox 1371 2843 1421 2901; x_wconf 91' lang='lat' dir='ltr'>ubi</span> <span class='ocrx_word' id='word_1_287' title='bbox 1438 2844 1556 2901; x_wconf 89' lang='lat' dir='ltr'>triduae</span> <span class='ocrx_word' id='word_1_288' title='bbox 1572 2846 1648 2903; x_wconf 89' lang='lat' dir='ltr'>Cre-</span> 
     </span>
     <span class='ocr_line' id='line_1_58' title="bbox 814 2946 1648 3022; baseline 0.002 -18"><span class='ocrx_word' id='word_1_289' title='bbox 814 2949 915 3004; x_wconf 86' lang='lat' dir='ltr'>mifani</span> <span class='ocrx_word' id='word_1_290' title='bbox 937 2950 1071 3004; x_wconf 85' lang='lat' dir='ltr'>caesaris</span> <span class='ocrx_word' id='word_1_291' title='bbox 1091 2951 1237 3022; x_wconf 84' lang='lat' dir='ltr'>exequiae</span> <span class='ocrx_word' id='word_1_292' title='bbox 1258 2946 1380 3004; x_wconf 85' lang='lat' dir='ltr'>fiebant.</span> <span class='ocrx_word' id='word_1_293' title='bbox 1405 2948 1535 3005; x_wconf 86' lang='lat' dir='ltr'>Carmen</span> <span class='ocrx_word' id='word_1_294' title='bbox 1557 2969 1648 3007; x_wconf 91' lang='lat' dir='ltr'>acro-</span> 
     </span>
     <span class='ocr_line' id='line_1_59' title="bbox 815 3053 1593 3129; baseline 0.003 -20"><span class='ocrx_word' id='word_1_295' title='bbox 815 3053 1236 3129; x_wconf 88' lang='lat' dir='ltr'>sticho-chronographicum.</span> <span class='ocrx_word' id='word_1_296' title='bbox 1255 3059 1296 3109; x_wconf 85' lang='lat'>2⁰.</span> <span class='ocrx_word' id='word_1_297' title='bbox 1318 3068 1329 3109; x_wconf 89' lang='lat'>1</span> <span class='ocrx_word' id='word_1_298' title='bbox 1351 3073 1380 3129; x_wconf 91' lang='lat' dir='ltr'>p.</span> <span class='ocrx_word' id='word_1_299' title='bbox 1399 3069 1435 3110; x_wconf 91' lang='lat'>21</span> <span class='ocrx_word' id='word_1_300' title='bbox 1455 3053 1593 3111; x_wconf 89' lang='lat' dir='ltr'>disticha.</span> 
     </span>
    </p>
   </div>
   <div class='ocr_carea' id='block_1_12' title="bbox 899 3170 1646 3253">
    <p class='ocr_par' dir='ltr' id='par_1_13' title="bbox 899 3170 1646 3253">
     <span class='ocr_line' id='line_1_60' title="bbox 899 3170 1646 3253; baseline 0.004 -21"><span class='ocrx_word' id='word_1_301' title='bbox 899 3171 1145 3253; x_wconf 89' lang='lat' dir='ltr'>Manuscripta</span> <span class='ocrx_word' id='word_1_302' title='bbox 1167 3171 1259 3233; x_wconf 91' lang='lat' dir='ltr'>idem</span> <span class='ocrx_word' id='word_1_303' title='bbox 1280 3170 1423 3253; x_wconf 90' lang='lat' dir='ltr'>reliquit</span> <span class='ocrx_word' id='word_1_304' title='bbox 1443 3173 1646 3253; x_wconf 90' lang='lat' dir='ltr'>sequentia:</span> 
     </span>
    </p>
   </div>
   <div class='ocr_carea' id='block_1_13' title="bbox 811 3294 1647 4522">
    <p class='ocr_par' dir='ltr' id='par_1_14' title="bbox 811 3294 1647 3791">
     <span class='ocr_line' id='line_1_61' title="bbox 900 3294 1645 3372; baseline 0.004 -20"><span class='ocrx_word' id='word_1_305' title='bbox 900 3298 923 3353; x_wconf 95' lang='lat' dir='ltr'>l.</span> <span class='ocrx_word' id='word_1_306' title='bbox 941 3297 1160 3372; x_wconf 82' lang='lat' dir='ltr'>Rlicksprache</span> <span class='ocrx_word' id='word_1_307' title='bbox 1175 3315 1214 3353; x_wconf 90' lang='lat' dir='ltr'>an</span> <span class='ocrx_word' id='word_1_308' title='bbox 1229 3297 1277 3353; x_wconf 91' lang='lat' dir='ltr'>die</span> <span class='ocrx_word' id='word_1_309' title='bbox 1294 3294 1422 3354; x_wconf 79' lang='lat' dir='ltr'>Schdler</span> <span class='ocrx_word' id='word_1_310' title='bbox 1437 3316 1485 3353; x_wconf 92' lang='lat' dir='ltr'>am</span> <span class='ocrx_word' id='word_1_311' title='bbox 1506 3296 1553 3355; x_wconf 91' lang='lat'>18.</span> <span class='ocrx_word' id='word_1_312' title='bbox 1567 3300 1645 3356; x_wconf 87' lang='lat' dir='ltr'>Nov.</span> 
     </span>
     <span class='ocr_line' id='line_1_62' title="bbox 817 3399 1647 3476; baseline 0 -17"><span class='ocrx_word' id='word_1_313' title='bbox 817 3399 893 3472; x_wconf 78' lang='grc'>1831</span> <span class='ocrx_word' id='word_1_314' title='bbox 914 3402 990 3458; x_wconf 92' lang='lat' dir='ltr'>nach</span> <span class='ocrx_word' id='word_1_315' title='bbox 1003 3403 1098 3457; x_wconf 90' lang='lat' dir='ltr'>einem</span> <span class='ocrx_word' id='word_1_316' title='bbox 1112 3401 1450 3476; x_wconf 79' lang='lat' dir='ltr'>aussergewdhnlichen</span> <span class='ocrx_word' id='word_1_317' title='bbox 1463 3402 1647 3459; x_wconf 88' lang='lat' dir='ltr'>Krankheit-</span> 
     </span>
     <span class='ocr_line' id='line_1_63' title="bbox 812 3502 1646 3584; baseline 0.001 -22"><span class='ocrx_word' id='word_1_318' title='bbox 812 3506 872 3562; x_wconf 91' lang='lat' dir='ltr'>und</span> <span class='ocrx_word' id='word_1_319' title='bbox 888 3504 1069 3562; x_wconf 83' lang='lat' dir='ltr'>Sterbelalle</span> <span class='ocrx_word' id='word_1_320' title='bbox 1086 3508 1170 3562; x_wconf 90' lang='lat' dir='ltr'>eines</span> <span class='ocrx_word' id='word_1_321' title='bbox 1186 3505 1389 3561; x_wconf 77' lang='lat' dir='ltr'>Mitschlilers</span> <span class='ocrx_word' id='word_1_322' title='bbox 1406 3502 1434 3584; x_wconf 89' lang='grc'>(1.</span> <span class='ocrx_word' id='word_1_323' title='bbox 1453 3524 1479 3562; x_wconf 87' lang='lat' dir='ltr'>e.</span> <span class='ocrx_word' id='word_1_324' title='bbox 1492 3505 1646 3563; x_wconf 88' lang='lat' dir='ltr'>Allocutio</span> 
     </span>
     <span class='ocr_line' id='line_1_64' title="bbox 811 3610 1645 3685; baseline 0.001 -19"><span class='ocrx_word' id='word_1_325' title='bbox 811 3611 849 3667; x_wconf 91' lang='lat' dir='ltr'>ad</span> <span class='ocrx_word' id='word_1_326' title='bbox 865 3610 1032 3685; x_wconf 90' lang='lat' dir='ltr'>discipulos</span> <span class='ocrx_word' id='word_1_327' title='bbox 1049 3613 1211 3668; x_wconf 90' lang='lat' dir='ltr'>occasione</span> <span class='ocrx_word' id='word_1_328' title='bbox 1225 3612 1329 3666; x_wconf 91' lang='lat' dir='ltr'>mortis</span> <span class='ocrx_word' id='word_1_329' title='bbox 1342 3629 1469 3685; x_wconf 88' lang='lat' dir='ltr'>prorsus</span> <span class='ocrx_word' id='word_1_330' title='bbox 1482 3611 1645 3684; x_wconf 88' lang='lat' dir='ltr'>singularis</span> 
     </span>
     <span class='ocr_line' id='line_1_65' title="bbox 813 3711 1594 3791; baseline -0.001 -20"><span class='ocrx_word' id='word_1_331' title='bbox 813 3714 967 3771; x_wconf 89' lang='lat' dir='ltr'>cuiusdam</span> <span class='ocrx_word' id='word_1_332' title='bbox 984 3716 1133 3789; x_wconf 89' lang='lat' dir='ltr'>gymnasii</span> <span class='ocrx_word' id='word_1_333' title='bbox 1151 3713 1289 3790; x_wconf 91' lang='lat' dir='ltr'>discipuli</span> <span class='ocrx_word' id='word_1_334' title='bbox 1306 3711 1430 3791; x_wconf 89' lang='lat' dir='ltr'>habita.)</span> <span class='ocrx_word' id='word_1_335' title='bbox 1446 3719 1489 3786; x_wconf 86' lang='lat'>4⁰.</span> <span class='ocrx_word' id='word_1_336' title='bbox 1507 3713 1547 3787; x_wconf 81' lang='lat'>58</span> <span class='ocrx_word' id='word_1_337' title='bbox 1565 3733 1594 3790; x_wconf 91' lang='lat' dir='ltr'>p.</span> 
     </span>
    </p>

    <p class='ocr_par' dir='ltr' id='par_1_15' title="bbox 811 3817 1643 4522">
     <span class='ocr_line' id='line_1_66' title="bbox 898 3817 1643 3892; baseline -0.001 -17"><span class='ocrx_word' id='word_1_338' title='bbox 898 3821 935 3875; x_wconf 96' lang='lat' dir='ltr'>ll.</span> <span class='ocrx_word' id='word_1_339' title='bbox 954 3817 1094 3874; x_wconf 85' lang='lat' dir='ltr'>Entwuri</span> <span class='ocrx_word' id='word_1_340' title='bbox 1103 3839 1138 3874; x_wconf 90' lang='lat' dir='ltr'>zu</span> <span class='ocrx_word' id='word_1_341' title='bbox 1152 3821 1236 3874; x_wconf 89' lang='lat' dir='ltr'>einer</span> <span class='ocrx_word' id='word_1_342' title='bbox 1248 3817 1408 3892; x_wconf 80' lang='lat' dir='ltr'>geniigend</span> <span class='ocrx_word' id='word_1_343' title='bbox 1420 3818 1643 3892; x_wconf 78' lang='lat' dir='ltr'>vollstandigen</span> 
     </span>
     <span class='ocr_line' id='line_1_67' title="bbox 813 3921 1643 3996; baseline 0 -18"><span class='ocrx_word' id='word_1_344' title='bbox 813 3923 870 3979; x_wconf 89' lang='lat' dir='ltr'>und</span> <span class='ocrx_word' id='word_1_345' title='bbox 895 3922 1128 3980; x_wconf 86' lang='lat' dir='ltr'>vortheilhasten</span> <span class='ocrx_word' id='word_1_346' title='bbox 1150 3922 1324 3996; x_wconf 87' lang='lat' dir='ltr'>Abfassung</span> <span class='ocrx_word' id='word_1_347' title='bbox 1349 3922 1404 3979; x_wconf 90' lang='lat' dir='ltr'>der</span> <span class='ocrx_word' id='word_1_348' title='bbox 1425 3921 1643 3979; x_wconf 74' lang='lat' dir='ltr'>Gedachtniss-</span> 
     </span>
     <span class='ocr_line' id='line_1_68' title="bbox 812 4025 1642 4084; baseline -0.001 -1"><span class='ocrx_word' id='word_1_349' title='bbox 812 4046 901 4084; x_wconf 86' lang='lat' dir='ltr'>verse</span> <span class='ocrx_word' id='word_1_350' title='bbox 932 4046 992 4083; x_wconf 88' lang='lat' dir='ltr'>von</span> <span class='ocrx_word' id='word_1_351' title='bbox 1023 4028 1089 4083; x_wconf 92' lang='lat' dir='ltr'>dem</span> <span class='ocrx_word' id='word_1_352' title='bbox 1123 4026 1327 4083; x_wconf 84' lang='lat' dir='ltr'>Geschlechte</span> <span class='ocrx_word' id='word_1_353' title='bbox 1357 4025 1412 4082; x_wconf 87' lang='lat' dir='ltr'>der</span> <span class='ocrx_word' id='word_1_354' title='bbox 1445 4026 1642 4082; x_wconf 89' lang='lat' dir='ltr'>lateinischen</span> 
     </span>
     <span class='ocr_line' id='line_1_69' title="bbox 811 4129 1643 4208; baseline -0.001 -21"><span class='ocrx_word' id='word_1_355' title='bbox 811 4132 1028 4207; x_wconf 80' lang='lat' dir='ltr'>Hauptwdrter</span> <span class='ocrx_word' id='word_1_356' title='bbox 1055 4131 1114 4187; x_wconf 91' lang='lat' dir='ltr'>und</span> <span class='ocrx_word' id='word_1_357' title='bbox 1142 4130 1199 4186; x_wconf 91' lang='lat' dir='ltr'>den</span> <span class='ocrx_word' id='word_1_358' title='bbox 1222 4129 1560 4208; x_wconf 86' lang='lat' dir='ltr'>Hauptwandeliormen</span> <span class='ocrx_word' id='word_1_359' title='bbox 1588 4130 1643 4186; x_wconf 83' lang='lat' dir='ltr'>der</span> 
     </span>
     <span class='ocr_line' id='line_1_70' title="bbox 811 4230 1642 4311; baseline -0.001 -20"><span class='ocrx_word' id='word_1_360' title='bbox 811 4236 1007 4292; x_wconf 85' lang='lat' dir='ltr'>lateinischen</span> <span class='ocrx_word' id='word_1_361' title='bbox 1023 4237 1211 4291; x_wconf 78' lang='lat' dir='ltr'>Zeitworter.</span> <span class='ocrx_word' id='word_1_362' title='bbox 1237 4230 1266 4311; x_wconf 86' lang='lat' dir='ltr'>(i.</span> <span class='ocrx_word' id='word_1_363' title='bbox 1284 4253 1310 4291; x_wconf 89' lang='lat' dir='ltr'>e.</span> <span class='ocrx_word' id='word_1_364' title='bbox 1333 4236 1483 4291; x_wconf 87' lang='lat' dir='ltr'>Institutio</span> <span class='ocrx_word' id='word_1_365' title='bbox 1504 4234 1542 4289; x_wconf 89' lang='lat' dir='ltr'>ad</span> <span class='ocrx_word' id='word_1_366' title='bbox 1559 4253 1642 4290; x_wconf 94' lang='lat' dir='ltr'>com·</span> 
     </span>
     <span class='ocr_line' id='line_1_71' title="bbox 812 4336 1642 4416; baseline -0.002 -20"><span class='ocrx_word' id='word_1_367' title='bbox 812 4341 971 4416; x_wconf 91' lang='lat' dir='ltr'>ponendos</span> <span class='ocrx_word' id='word_1_368' title='bbox 987 4358 1094 4396; x_wconf 87' lang='lat' dir='ltr'>versus</span> <span class='ocrx_word' id='word_1_369' title='bbox 1110 4340 1299 4395; x_wconf 86' lang='lat' dir='ltr'>memoriales</span> <span class='ocrx_word' id='word_1_370' title='bbox 1320 4339 1357 4395; x_wconf 90' lang='lat' dir='ltr'>de</span> <span class='ocrx_word' id='word_1_371' title='bbox 1372 4357 1484 4413; x_wconf 90' lang='lat' dir='ltr'>genere</span> <span class='ocrx_word' id='word_1_372' title='bbox 1501 4336 1642 4394; x_wconf 89' lang='lat' dir='ltr'>substan-</span> 
     </span>
     <span class='ocr_line' id='line_1_72' title="bbox 813 4441 1641 4522; baseline -0.002 -22"><span class='ocrx_word' id='word_1_373' title='bbox 813 4447 940 4501; x_wconf 87' lang='lat' dir='ltr'>tivorum</span> <span class='ocrx_word' id='word_1_374' title='bbox 953 4458 983 4500; x_wconf 88' lang='lat' dir='ltr'>et</span> <span class='ocrx_word' id='word_1_375' title='bbox 996 4443 1033 4499; x_wconf 90' lang='lat' dir='ltr'>de</span> <span class='ocrx_word' id='word_1_376' title='bbox 1047 4444 1260 4517; x_wconf 88' lang='lat' dir='ltr'>coniugatione</span> <span class='ocrx_word' id='word_1_377' title='bbox 1273 4442 1433 4500; x_wconf 81' lang='lat' dir='ltr'>verborum</span> <span class='ocrx_word' id='word_1_378' title='bbox 1444 4441 1641 4522; x_wconf 84' lang='lat' dir='ltr'>Latinorum.)</span> 
     </span>
    </p>
   </div>
   <div class='ocr_carea' id='block_1_14' title="bbox 810 4555 1640 5025">
    <p class='ocr_par' dir='ltr' id='par_1_16' title="bbox 813 4555 960 4625">
     <span class='ocr_line' id='line_1_73' title="bbox 813 4555 960 4625; baseline 0.007 -21"><span class='ocrx_word' id='word_1_379' title='bbox 813 4555 855 4621; x_wconf 88' lang='lat'>4⁰.</span> <span class='ocrx_word' id='word_1_380' title='bbox 875 4565 910 4605; x_wconf 88' lang='lat'>21</span> <span class='ocrx_word' id='word_1_381' title='bbox 931 4569 960 4625; x_wconf 92' lang='lat' dir='ltr'>p.</span> 
     </span>
    </p>

    <p class='ocr_par' dir='ltr' id='par_1_17' title="bbox 810 4692 1640 5025">
     <span class='ocr_line' id='line_1_74' title="bbox 900 4692 1639 4787; baseline 0.003 -22"><span class='ocrx_word' id='word_1_382' title='bbox 900 4692 1129 4787; x_wconf 81' lang='lat' dir='ltr'>Klaftinger</span> <span class='ocrx_word' id='word_1_383' title='bbox 1153 4704 1277 4765; x_wconf 90' lang='lat' dir='ltr'>Beda</span> <span class='ocrx_word' id='word_1_384' title='bbox 1307 4702 1639 4787; x_wconf 86' lang='lat' dir='ltr'>(Mellicensis),</span> 
     </span>
     <span class='ocr_line' id='line_1_75' title="bbox 813 4818 1640 4902; baseline 0.002 -20"><span class='ocrx_word' id='word_1_385' title='bbox 813 4820 1023 4884; x_wconf 84' lang='lat' dir='ltr'>Austriacus</span> <span class='ocrx_word' id='word_1_386' title='bbox 1055 4818 1498 4902; x_wconf 87' lang='lat' dir='ltr'>Claustroneuburgensis,</span> <span class='ocrx_word' id='word_1_387' title='bbox 1534 4832 1640 4884; x_wconf 91' lang='lat' dir='ltr'>antea</span> 
     </span>
     <span class='ocr_line' id='line_1_76' title="bbox 810 4942 1639 5025; baseline 0 -20"><span class='ocrx_word' id='word_1_388' title='bbox 810 4942 998 5024; x_wconf 91' lang='lat' dir='ltr'>Iosephus,</span> <span class='ocrx_word' id='word_1_389' title='bbox 1023 4951 1127 5004; x_wconf 92' lang='lat' dir='ltr'>natus</span> <span class='ocrx_word' id='word_1_390' title='bbox 1153 4942 1209 5004; x_wconf 91' lang='lat' dir='ltr'>die</span> <span class='ocrx_word' id='word_1_391' title='bbox 1234 4964 1259 5005; x_wconf 89' lang='lat'>1.</span> <span class='ocrx_word' id='word_1_392' title='bbox 1277 4943 1380 5004; x_wconf 90' lang='lat' dir='ltr'>Febr.</span> <span class='ocrx_word' id='word_1_393' title='bbox 1403 4947 1493 5025; x_wconf 90' lang='lat'>1821,</span> <span class='ocrx_word' id='word_1_394' title='bbox 1512 4944 1639 5006; x_wconf 90' lang='lat' dir='ltr'>studiis</span> 
     </span>
    </p>
   </div>
   <div class='ocr_carea' id='block_1_15' title="bbox 809 5063 1638 5268">
    <p class='ocr_par' dir='ltr' id='par_1_18' title="bbox 809 5063 1638 5268">
     <span class='ocr_line' id='line_1_77' title="bbox 809 5063 1635 5146; baseline 0.002 -20"><span class='ocrx_word' id='word_1_395' title='bbox 809 5065 1015 5128; x_wconf 88' lang='lat' dir='ltr'>liberalibus</span> <span class='ocrx_word' id='word_1_396' title='bbox 1027 5063 1188 5126; x_wconf 89' lang='lat' dir='ltr'>Viennae</span> <span class='ocrx_word' id='word_1_397' title='bbox 1201 5065 1383 5146; x_wconf 76' lang='lat' dir='ltr'>absolutiS,</span> <span class='ocrx_word' id='word_1_398' title='bbox 1401 5065 1458 5127; x_wconf 90' lang='lat' dir='ltr'>die</span> <span class='ocrx_word' id='word_1_399' title='bbox 1472 5086 1522 5145; x_wconf 85' lang='lat'>²9·</span> <span class='ocrx_word' id='word_1_400' title='bbox 1535 5064 1635 5146; x_wconf 88' lang='lat' dir='ltr'>Sept.</span> 
     </span>
     <span class='ocr_line' id='line_1_78' title="bbox 814 5184 1638 5268; baseline 0.001 -20"><span class='ocrx_word' id='word_1_401' title='bbox 814 5191 892 5265; x_wconf 82' lang='grc'>1843</span> <span class='ocrx_word' id='word_1_402' title='bbox 909 5186 1054 5249; x_wconf 90' lang='lat' dir='ltr'>Mellicii</span> <span class='ocrx_word' id='word_1_403' title='bbox 1068 5186 1222 5267; x_wconf 91' lang='lat' dir='ltr'>indutus,</span> <span class='ocrx_word' id='word_1_404' title='bbox 1240 5189 1289 5247; x_wconf 84' lang='grc'>23.</span> <span class='ocrx_word' id='word_1_405' title='bbox 1303 5184 1407 5249; x_wconf 91' lang='lat' dir='ltr'>Febr.</span> <span class='ocrx_word' id='word_1_406' title='bbox 1424 5206 1489 5268; x_wconf 93' lang='lat' dir='ltr'>per</span> <span class='ocrx_word' id='word_1_407' title='bbox 1501 5188 1638 5250; x_wconf 90' lang='lat' dir='ltr'>sollem-</span> 
     </span>
    </p>
   </div>
   <div class='ocr_carea' id='block_1_16' title="bbox 124 5306 1638 5511">
    <p class='ocr_par' dir='ltr' id='par_1_19' title="bbox 124 5306 1638 5511">
     <span class='ocr_line' id='line_1_79' title="bbox 124 5306 1638 5408; baseline -0.001 -38"><span class='ocrx_word' id='word_1_408' title='bbox 124 5329 327 5407; x_wconf 58' lang='lat' dir='ltr'>epkonyvttrl</span> <span class='ocrx_word' id='word_1_409' title='bbox 347 5335 520 5408; x_wconf 85' lang='lat' dir='ltr'>inscriptos.</span> <span class='ocrx_word' id='word_1_410' title='bbox 544 5330 585 5388; x_wconf 90' lang='lat'>8⁰.</span> <span class='ocrx_word' id='word_1_411' title='bbox 609 5332 728 5387; x_wconf 87' lang='lat' dir='ltr'>Octavo</span> <span class='ocrx_word' id='word_1_412' title='bbox 808 5329 889 5371; x_wconf 91' lang='lat' dir='ltr'>nem</span> <span class='ocrx_word' id='word_1_413' title='bbox 913 5307 1170 5389; x_wconf 88' lang='lat' dir='ltr'>professionem</span> <span class='ocrx_word' id='word_1_414' title='bbox 1198 5306 1413 5370; x_wconf 89' lang='lat' dir='ltr'>monasterio</span> <span class='ocrx_word' id='word_1_415' title='bbox 1436 5308 1638 5389; x_wconf 90' lang='lat' dir='ltr'>adscriptus</span> 
     </span>
     <span class='ocr_line' id='line_1_80' title="bbox 808 5429 1638 5511; baseline -0.002 -19"><span class='ocrx_word' id='word_1_416' title='bbox 808 5441 864 5493; x_wconf 91' lang='lat' dir='ltr'>est</span> <span class='ocrx_word' id='word_1_417' title='bbox 880 5429 1008 5511; x_wconf 89' lang='lat' dir='ltr'>dieque</span> <span class='ocrx_word' id='word_1_418' title='bbox 1025 5436 1076 5495; x_wconf 78' lang='lat'>30.</span> <span class='ocrx_word' id='word_1_419' title='bbox 1089 5431 1152 5493; x_wconf 91' lang='lat' dir='ltr'>Iul.</span> <span class='ocrx_word' id='word_1_420' title='bbox 1170 5434 1249 5508; x_wconf 88' lang='lat'>1848</span> <span class='ocrx_word' id='word_1_421' title='bbox 1263 5441 1450 5510; x_wconf 88' lang='lat' dir='ltr'>neomysta</span> <span class='ocrx_word' id='word_1_422' title='bbox 1465 5433 1511 5493; x_wconf 91' lang='lat' dir='ltr'>ad</span> <span class='ocrx_word' id='word_1_423' title='bbox 1527 5431 1638 5492; x_wconf 87' lang='lat' dir='ltr'>altare</span> 
     </span>
    </p>
   </div>
   <div class='ocr_carea' id='block_1_17' title="bbox 124 5435 437 5494">
    <p class='ocr_par' dir='ltr' id='par_1_20' title="bbox 124 5435 437 5494">
     <span class='ocr_line' id='line_1_81' title="bbox 124 5435 437 5494; baseline 0.019 -8"><span class='ocrx_word' id='word_1_424' title='bbox 124 5451 182 5489; x_wconf 87' lang='lat' dir='ltr'>nus</span> <span class='ocrx_word' id='word_1_425' title='bbox 198 5435 313 5493; x_wconf 86' lang='lat' dir='ltr'>libellus</span> <span class='ocrx_word' id='word_1_426' title='bbox 330 5438 437 5494; x_wconf 88' lang='lat' dir='ltr'>editur.</span> 
     </span>
    </p>
   </div>
   <div class='ocr_carea' id='block_1_18' title="bbox 0 0 2022 6262">
    <p class='ocr_par' dir='ltr' id='par_1_21' title="bbox 0 0 2022 6262">
     <span class='ocr_line' id='line_1_82' title="bbox 0 0 2022 6262; baseline 0 0"><span class='ocrx_word' id='word_1_427' title='bbox 0 0 2022 6262; x_wconf 95' lang='lat' dir='ltr'> </span> 
     </span>
    </p>
   </div>
  </div>
 </body>
</html>
