4034 6262
620 455 1013 559 -223-¹

124 679 217 733 »annis
244 673 454 752 Schlitpacher
482 676 519 733 de
545 676 714 744 Weilheim,
753 693 757 771 7
795 667 1039 755 susceperunt.
1050 674 1322 738 P‚Bonifacium
1332 674 1626 737 Kellernostrum

139 781 315 838 hexametro
337 800 427 838 versu
452 783 480 836 in
504 781 621 838 ¹⁸¹¹de
642 800 716 858 pro·
754 774 757 871 l
796 815 874 858 cum
887 795 1015 858 studiis
1028 795 1138 859 sacris
1154 795 1236 858 inde
1253 798 1299 858 ab
1316 795 1415 859 initio
1427 795 1523 859 vitae
1540 815 1626 858 suae

124 885 237 942 'undam
254 899 457 943 ⁰⁰¹l'esffitans
473 886 664 943 immensa
682 887 716 942 1¹¹
795 917 986 1000 religiosae
1015 917 1122 980 etiam
1146 917 1257 980 vitam
1284 918 1477 981 asceticam
1504 918 1626 980 intimo

125 987 258 1046 enblatte
291 989 337 1045 fiir
370 991 622 1048 osterreichische
653 989 715 1047 Ge-

142 1097 148 1107 .
795 1039 940 1103 foedere
970 1038 1210 1122 coniunxisse,
1238 1048 1415 1102 testantur
1438 1039 1529 1103 inter
1557 1039 1626 1101 alia

124 1106 289 1151 litteratur.
313 1093 486 1151 November
505 1093 595 1167 1843.
616 1115 646 1171 p.
664 1093 716 1169 87.

124 1217 215 1274 qa,re
246 1216 423 1273 Gainsahrn.
458 1217 563 1274 Filiale
590 1218 715 1286 Voslau,
754 1156 757 1289 ξ
795 1173 870 1226 tum
886 1161 1020 1242 scripta
1036 1163 1082 1224 ab
1099 1182 1142 1224 eo
1157 1162 1291 1243 relicta,
1313 1172 1388 1225 tum
1407 1161 1549 1244 litterae
1565 1162 1626 1223 da·

124 1324 262 1378 gemtem,
287 1322 320 1377 11,
336 1322 391 1378 de,
407 1322 592 1379 kirchlichen
609 1323 715 1399 Topo-
794 1296 854 1348 tae
874 1285 909 1347 in
930 1284 1145 1347 monasterio
1165 1284 1274 1347 fontis
1291 1285 1332 1348 B.
1348 1285 1484 1348 Mariae
1500 1286 1547 1348 ad
1564 1285 1626 1348 Za·

124 1426 460 1494 >estessejch‚1v,ssd,
486 1446 515 1502 p,
535 1425 714 1498 ²84-302·
794 1427 886 1489 ram,
919 1406 1048 1489 quibus
1080 1406 1115 1469 in
1147 1427 1349 1489 ,numerum
1383 1410 1455 1471 500.
1485 1406 1626 1470 confoe-

124 1548 447 1615 'sarreTraiskirchen
461 1549 565 1606 Filiale
576 1549 714 1606 Mamers.
796 1532 998 1592 deratorum
1020 1531 1087 1592 sub
1104 1529 1207 1592 titulo
1224 1528 1482 1609 poenitentium
1502 1539 1538 1590 et
1557 1529 1626 1590 fer-

124 1652 196 1710 lors.
213 1653 289 1710 Loc.
308 1656 356 1710 cit.
374 1674 403 1730 p.
422 1654 604 1726 284-302.
794 1651 953 1714 ventium
970 1651 1143 1714 cultorum
1159 1671 1185 1714 a.
1203 1650 1345 1713 Ioannis
1361 1649 1625 1731 Nepomuceni“

139 1776 330 1832 Historische
362 1775 421 1832 und
454 1776 715 1852 topographische
753 1772 756 1843 !
795 1773 995 1837 assumitur.
1027 1773 1132 1837 Initio
1160 1777 1240 1853 1769
1264 1773 1394 1835 stabuli
1421 1771 1626 1854 praefectus

124 1900 142 1936 ³⁵
155 1880 262 1938 stilles
275 1881 533 1938 K¹⁶l⁰·M³si²²e¹¹
545 1884 574 1938 in
589 1882 714 1939 0051‘3‘·
795 1894 1021 1958 constituitur
1029 1905 1262 1977 etpostquam
1275 1892 1447 1956 infirmam
1456 1912 1555 1956 suam
1564 1914 1626 1956 va·

124 2005 176 2042 “¹¹
193 1985 422 2060 Ungebungen.
444 1983 473 2064 (i.
492 2005 518 2042 θ’
541 1986 716 2062 Descripti‘)
794 2017 989 2080 latudinem
1005 2036 1071 2099 per
1088 2016 1223 2097 aliquot
1243 2016 1486 2078 hebdomades
1501 2014 1530 2077 F
1533 2015 1626 2078 elds·

124 2090 324 2166 ›pographica
345 2093 516 2146 monasterii
534 2091 635 2147 Cellae
651 2091 715 2146 Ma·

124 2191 153 2272 1.)
175 2194 251 2250 Loc.
269 2196 318 2250 cit.
335 2194 371 2251 V.
389 2194 441 2250 ad.
464 2214 493 2270 p.
516 2193 627 2251 1-68.
653 2195 715 2251 Lo·
753 2182 756 2227 ¹

124 2298 173 2365 kt,
186 2317 216 2374 p·
232 2295 369 2371 6943·
390 2299 495 2355 Filiale
508 2299 642 2366 Donum,
657 2299 713 2356 loc·
753 2262 756 2399 f
795 2260 986 2325 Othmarus
1002 2261 1229 2344 praepositus
1246 2262 1408 2341 eundem,
1430 2260 1529 2322 cuius
1552 2268 1625 2321 stu·

124 2435 136 2459 r.
157 2400 360 2476 Hasnerberg,
375 2422 404 2478 p.
417 2401 552 2477 79-85,
573 2402 714 2471 Nestacfi‚
753 2409 756 2461 1
796 2384 891 2446 dium
912 2395 948 2447 et
970 2404 1124 2447 amorem
1147 2384 1199 2446 rei
1220 2383 1468 2446 oeconomicae
1492 2382 1625 2463 optime

774 2158 929 2221 rpergae
961 2148 1134 2221 exoptato
1166 2159 1245 2202 cum
1276 2156 1445 2201 successu
1476 2136 1624 2218 curavit,

124 2506 199 2563 farre
219 2504 264 2563 St·
287 2507 417 2575 Corona,
442 2528 472 2583 Ρ·
489 2507 627 2581 93-98·
652 2509 714 2564 Lo·
794 2507 1164 2590 perspectumhabuit,
1173 2507 1375 2590 granarium
1385 2505 1626 2568 denominavit

124 2610 184 2678 Off,
210 2611 268 2667 ¹00·
294 2613 343 2667 Cit-
367 2631 396 2686 P·
422 2610 581 2686 98-103·
611 2613 633 2667 Ρ
636 2612 715 2668 farre
800 2649 890 2711 1772,
904 2651 945 2692 ac
958 2629 1071 2693 tribus
1084 2638 1166 2711 post
1178 2627 1408 2710 provisorem.
1425 2626 1464 2689 P.
1478 2623 1624 2689 Schmid

124 2734 169 2878 {cit
191 2713 491 2895 &alphion-9116.
516 2715 715 2773 PlarreLeo·
754 2674 757 2885 ἱ
795 2716 999 2816 F'riederico
1035 2752 1190 2834 parocho
1227 2749 1516 2815 Ostrovadicensi
1553 2748 1624 2810 iam

754 2896 757 2965 3
796 2878 1003 2958 grandaevo
1020 2886 1057 2938 et
1072 2877 1118 2937 ad
1135 2894 1254 2938 curam
1267 2873 1462 2936 animarum
1475 2871 1624 2954 proinde

141 2997 388 3060 Bonifacius
420 2999 716 3080 (Raigradien-
754 2970 761 3123 ’7
796 2998 910 3060 minus
930 2998 1040 3061 habili
1056 2998 1262 3060 Bonifacius
1283 2999 1409 3059 eodem
1429 3014 1522 3058 anno
1543 3013 1625 3056 coo-

124 3134 160 3176 us
182 3112 403 3179 Stanicensis
426 3115 597 3199 (Steinitz)
623 3137 715 3180 anno
753 3132 756 3207 7
795 3132 939 3202 perator
953 3121 1168 3203 adiungitur,
1192 3140 1297 3202 quam
1313 3117 1534 3202 provinciam
1555 3117 1650 3177 iam·

126 3248 260 3320 matus,
278 3240 396 3301 studia
408 3240 614 3302 humaniora
627 3241 715 3303 Bru·
753 3210 756 3243 Ι
795 3242 945 3305 triennio
967 3252 1050 3305 ante
1067 3263 1131 3325 per
1147 3243 1283 3323 aliquot
1303 3260 1442 3304 menses
1466 3239 1502 3302 in
1524 3238 1625 3301 adiu-

124 3409 128 3433 ,
144 3360 311 3442 religioso
324 3362 447 3424 habitu
459 3363 591 3425 ordinis
604 3362 716 3424 nostri
795 3364 922 3427 torium
934 3365 1082 3446 parochi
1093 3375 1117 3428 t.
1131 3375 1155 3429 t.
1169 3350 1390 3445 Ortmansky'
1397 3360 1624 3425 laudabiliter

124 3486 201 3560 1756
223 3503 270 3560 19·
286 3484 373 3547 Dec.
391 3504 456 3566 per
471 3485 714 3568 praepositum
795 3485 1114 3550 administraverat.
1131 3485 1248 3567 Quum
1260 3484 1406 3567 parochi
1419 3481 1624 3547 Ostrovaci·

124 3623 175 3665 am
199 3624 240 3666 ac
262 3605 297 3665 in
319 3605 476 3667 eiusdem
493 3627 617 3669 manus
633 3620 716 3689 post
753 3600 756 3629 ¹
795 3609 912 3670 censis
935 3607 1114 3671 labefacta
1135 3609 1304 3671 valetudo
1324 3607 1450 3669 iterum
1473 3602 1624 3667 consoli-

124 3725 270 3789 vitiatus
282 3747 410 3789 annum
423 3730 581 3791 calendis
589 3731 715 3792 Ianua·
795 3732 881 3793 data
895 3729 1032 3812 fuisset,
1048 3729 1302 3793 Domasovium
1319 3728 1446 3791 missus
1462 3726 1502 3789 P.
1516 3724 1623 3787 Boni·

136 3849 320 3910 sollemnia
333 3851 561 3931 nuncupavit.
579 3848 715 3915 Studiis
793 3852 908 3915 facius
924 3852 1134 3934 inspectoris
1150 3851 1377 3914 oeconomiae
1393 3868 1459 3911 nec
1475 3866 1545 3909 non
1561 3847 1623 3909 ad-

124 3989 204 4032 nore
218 3979 301 4033 tunc
316 3972 421 4034 solito
435 3973 528 4035 dorni
542 3973 714 4037 PP.Miil-
752 3948 755 4107 ,
794 3974 1042 4037 ministratoris
1058 3973 1249 4055 parochiae
1265 3991 1390 4035 munus
1411 3968 1543 4032 ibidem
1558 3987 1623 4048 per

124 4092 177 4154 ldO
195 4101 230 4154 et
247 4091 387 4155 Conrad
405 4093 575 4157 Othmaro
593 4096 714 4159 ducto·
752 4110 755 4159 l
795 4096 1064 4177 quadriennium
1086 4096 1209 4158 sedulo
1226 4114 1344 4156 amore
1365 4090 1487 4171 obivit,
1510 4108 1622 4170 usque

124 4214 167 4275 »ili
183 4235 261 4276 cum
275 4216 437 4295 profectu
450 4218 605 4297 peractis
622 4193 714 4280 anno
752 4232 754 4301 ς
794 4219 877 4280 dum
893 4220 1015 4280 morbo
1034 4218 1190 4301 gutturis
1206 4217 1241 4279 in
1258 4217 1334 4278 dies
1351 4215 1622 4296 ingravescente

124 4335 239 4397 erdotii
261 4336 472 4418 dignitatem
494 4339 658 4419 pervenit
679 4351 714 4402 et
794 4351 830 4403 et
846 4360 935 4403 voce
952 4341 1094 4423 penitus
1111 4339 1241 4402 amissa
1262 4341 1308 4401 ad
1324 4335 1566 4400 valetudinem
1587 4333 1622 4395 in

124 4458 263 4520 rominis
289 4459 371 4521 Iesu
397 4461 500 4523 huius
528 4472 715 4544 neomysta
752 4448 754 4563 ἶ
793 4462 1008 4525 monasterio
1025 4464 1217 4525 curandam
1234 4460 1516 4541 compelleretur,
1538 4475 1623 4538 qua·

124 4580 160 4642 it.
178 4579 307 4644 Statim
317 4592 399 4663 post
411 4582 451 4645 fit
464 4584 600 4646 culinae
613 4604 714 4665 prae·
752 4568 754 4583 ’
793 4594 948 4666 propter,
966 4586 1112 4647 obtenta
1129 4583 1268 4646 interim
1284 4580 1525 4645 iurisdictione
1543 4596 1623 4640 coo-

125 4702 310 4765 ncionator
330 4705 365 4766 in
386 4705 487 4768 festis
508 4725 573 4768 nec
595 4726 664 4769 non
686 4726 713 4770 s.
752 4764 754 4777 ,
793 4705 973 4787 paratoria
1002 4725 1068 4786 pro
1095 4705 1280 4787 Raigrad,
1310 4705 1401 4796 malo
1432 4702 1467 4764 in
1497 4699 1623 4762 melius

124 4823 299 4905 professor
329 4827 480 4889 actualis
508 4827 714 4891 clericorum
793 4847 911 4908 verso,
937 4836 1064 4908 postea
1094 4827 1234 4910 longius
1261 4828 1389 4890 iterato
1419 4826 1454 4887 in
1484 4820 1623 4886 balneis

124 4947 312 5010 :udentium
332 4948 567 5011 Haberhauer
587 4950 713 5031 Mauri,
751 4926 754 5013 i
793 4950 1038 5032 Feldspergae
1055 4961 1301 5032 commoratus,
1323 4950 1358 5012 in
1375 4948 1545 5012 coenobio
1562 4967 1623 5009 no-

124 5069 307 5150 pomuceni
320 5081 356 5133 et
368 5071 513 5133 Buzelin
527 5070 712 5154 Gabrielis,
752 5126 754 5149 ,
793 5082 867 5135 stro
884 5071 919 5134 in
932 5082 1102 5154 quantum
1119 5071 1289 5155 possibile
1305 5075 1350 5135 ad
1363 5081 1504 5152 tempus
1517 5088 1622 5132 curae

124 5189 418 5285 rinathonifacio
428 5193 602 5274 praeside,
612 5193 714 5256 annis
793 5195 988 5258 animarum
1008 5196 1246 5259 incumbebat.
1270 5197 1342 5258 Ast
1362 5196 1431 5258 iam
1451 5196 1497 5257 ad
1516 5193 1622 5256 finem

124 5317 132 5374 3
153 5313 348 5394 positiones
370 5314 591 5396 theologicas
613 5316 713 5377 scho-
751 5332 754 5387 ξ
793 5317 876 5379 anni
897 5323 977 5396 1786
993 5317 1120 5380 iterum
1141 5318 1275 5382 occurit
1296 5318 1399 5381 nobis
1415 5315 1622 5380 Bonifacius

124 5433 249 5496 raticas
270 5436 412 5514 publice
434 5439 713 5519 propugnandas
751 5406 754 5499 i
794 5439 829 5500 in
845 5459 999 5521 munere,
1018 5437 1257 5522 quo'maxime
1278 5441 1534 5519 delectabatur,
1550 5437 1623 5500 Do-
