4088 6270
900 486 1184 554 „440-

256 675 278 729 Ι.
303 673 465 730 Archivum
483 675 656 729 monasterii
673 673 814 729 Admont.
832 675 999 748 superioris
1084 675 1162 749 1827
1189 671 1246 733 die
1271 693 1300 748 4.
1321 671 1384 732 Iul.
1410 680 1621 751 cooperator
1649 670 1685 732 in
1709 671 1895 751 parochiam

167 778 298 853 Styriae,
316 778 381 833 ord.
399 797 423 833 s.
441 778 595 834 Benedicti
613 796 709 851 usque
726 778 763 833 ad
780 796 887 833 annum
908 776 999 851 Ι5711·
1080 791 1481 855 Stammersdorfensem
1508 792 1694 875 dirigitur,
1726 793 1788 855 ubi
1812 813 1897 856 oeco-

167 880 240 960 (lam
258 897 395 958 ternpore
411 903 435 939 r.
445 880 603 938 P.Alberti
617 882 654 938 de
664 882 789 937 Muchar
802 901 862 937 non
874 882 1001 957 amplius
1080 917 1175 979 nomi
1192 916 1298 978 etiam
1316 915 1414 977 vices
1431 915 1466 978 in
1486 916 1570 978 latis
1590 916 1797 978 monasterii
1813 937 1896 998 prae·

167 1007 292 1044 inveniri
310 985 429 1065 potuit.)
1082 1038 1149 1100 diis
1175 1057 1301 1120 gerere
1329 1040 1502 1109 debebat;
1534 1048 1571 1101 et
1605 1047 1747 1102 tantum
1774 1039 1894 1121 ibidem,

255 1129 291 1183 ll.
315 1127 500 1184 Geschichte
525 1128 578 1183 des
600 1125 706 1183 Stiftes
722 1128 855 1183 Admont
876 1129 905 1182 in
926 1129 1001 1183 zwei

1081 1159 1183 1240 quasi
1199 1160 1235 1222 in
1251 1160 1406 1222 Tusculo
1427 1179 1501 1241 suo,
1524 1159 1592 1221 sibi
1616 1161 1837 1243 complacuit,
1858 1171 1893 1240 ut,

167 1231 299 1288 Banden.
324 1229 354 1310 (i.
376 1251 402 1288 e.
424 1234 602 1288 Monasterii
618 1232 831 1288 Admontensis
855 1228 1000 1308 historia.)

167 1339 223 1392 M&
241 1334 428 1408 Ann01865
447 1338 572 1391 flammis
589 1350 808 1411 consumptum.
1081 1302 1160 1344 cum
1184 1282 1241 1343 die
1264 1286 1292 1345 8.
1316 1283 1404 1363 Apr.
1426 1286 1505 1344 1828
1530 1281 1566 1344 in
1590 1283 1840 1345 monasterium
1859 1286 1891 1346 ad

1080 1404 1345 1485 suscipiendum
1357 1404 1569 1485 professoris
1586 1405 1622 1466 in
1636 1405 1822 1488 gymnasio
1835 1427 1891 1468 mu-

254 1518 538 1613 Sengschmitt
552 1533 808 1594 Bertholdus
821 1533 999 1594 Ioannes
1080 1547 1146 1588 nus
1162 1536 1400 1608 revocaretur,
1421 1527 1610 1589 lacrimoso
1631 1528 1739 1608 plane
1761 1529 1889 1591 carmine

168 1646 422 1730 (Scotensis),
440 1658 544 1711 natus
555 1650 718 1712 Viennae
731 1650 767 1712 in
780 1651 928 1713 Austria
942 1651 999 1713 die
1080 1648 1218 1729 lapsam
1235 1648 1413 1710 fortunam
1430 1648 1640 1712 clamitaret.
1666 1650 1838 1712 Immerito
1851 1662 1888 1712 ta-

171 1790 218 1847 19.
236 1767 336 1850 Sept.
358 1775 449 1852 1801,
471 1772 579 1852 poeta
601 1770 810 1836 Germanus.
843 1774 1000 1837 Paterno
1080 1790 1174 1843 men;
1192 1771 1314 1832 schola
1330 1771 1423 1833 enim
1440 1771 1558 1852 aptior
1572 1772 1643 1853 ipsi
1661 1792 1769 1835 arena
1784 1772 1850 1851 fuit,
1862 1772 1888 1834 in

167 1911 299 1974 genere
312 1913 357 1954 ex
371 1892 519 1955 Austria
531 1914 640 1974 supra
653 1895 802 1957 Amisum
820 1897 999 1979 oriundus,
1081 1913 1152 1973 qua
1169 1893 1442 1955 excellentiores
1458 1913 1523 1975 pro
1536 1913 1602 1956 suo
1619 1894 1764 1976 ingenio
1775 1895 1888 1956 laureas

166 2013 362 2076 Viennensi
374 2024 494 2076 autem
505 2035 551 2076 ex
564 2025 675 2077 matre
688 2017 841 2100 genitus,
856 2018 1000 2081 sinceri·
1080 2016 1279 2077 lucraturus
1292 2025 1379 2080 erat.
1403 2016 1528 2098 Usque
1540 2018 1587 2079 ad
1599 2016 1708 2080 finem
1720 2018 1800 2080 anni
1810 2018 1887 2079 scho-

167 2145 276 2197 tatem
294 2137 400 2198 animi
420 2137 589 2199 rusticam
611 2159 689 2200 cum
711 2141 847 2202 urbana
872 2140 999 2202 mentis
1080 2137 1196 2199 lastici
1218 2144 1295 2216 1842
1316 2138 1350 2200 in
1368 2139 1553 2220 classibus,
1574 2140 1627 2202 uti
1645 2140 1777 2221 dicunt,
1796 2160 1888 2222 gram·

166 2256 352 2319 habilitate
374 2258 443 2320 iam
468 2259 547 2340 ipsa
567 2259 689 2321 nativa
714 2260 832 2323 indole
856 2262 999 2324 coniun-
1080 2259 1304 2321 maticalibus
1332 2260 1540 2342 magistrum
1569 2281 1685 2345 agens
1712 2283 1734 2324 a
1760 2263 1888 2342 discipu·

166 2381 287 2459 gebat.
313 2378 421 2442 Cuius
434 2390 547 2462 pater,
566 2381 655 2444 civis
668 2382 811 2463 quidem
820 2384 999 2446 Viennen-
1079 2381 1122 2443 lis
1147 2391 1295 2463 propter
1318 2393 1505 2464 paternam
1529 2404 1631 2446 suam
1656 2384 1888 2468 benignitatem

167 2500 225 2581 sis,
248 2502 311 2563 sed
332 2505 531 2582 pauperula
554 2505 757 2567 conditione
782 2514 914 2587 textor,
938 2509 999 2569 ho·
1079 2523 1194 2584 aeque
1211 2525 1252 2565 ac
1269 2515 1417 2586 propter
1437 2514 1580 2587 gratum
1606 2525 1646 2568 se
1672 2508 1816 2589 gerendi
1834 2525 1889 2567 mo

166 2622 355 2685 nestiorem
372 2624 469 2686 vitae
485 2627 601 2687 locum
622 2625 694 2688 filio
716 2627 852 2689 sciendi
868 2629 999 2709 cupido
1080 2627 1163 2686 dum
1175 2646 1196 2686 a
1210 2625 1448 2687 confratribus
1461 2627 1582 2709 magni
1591 2628 1805 2691 habebatur:
1817 2629 1888 2689 unde

165 2758 428 2828 procuraturus
441 2747 534 2809 hunc
548 2769 641 2811 anno
659 2753 735 2810 1812
752 2750 823 2812 ΡΡ.
835 2749 998 2813 Piaristis
1078 2746 1230 2809 feliciter
1246 2747 1290 2809 de
1308 2747 1369 2809 tali
1384 2747 1459 2809 vita
1473 2748 1542 2810 sibi
1554 2750 1753 2831 gratulans,
1769 2749 1889 2829 iamper

166 2989 322 3070 tradidit,
344 3010 409 3070 per
425 3011 514 3071 quos
530 2992 811 3073 gymnasialibus
828 2993 998 3055 doctrinis
1078 2991 1117 3052 P.
1136 2990 1177 3054 N.
1194 2990 1382 3052 Benedicti
1399 2991 1559 3052 ordinem
1577 2993 1701 3074 (1830),
1723 3002 1794 3054 tum
1813 2989 1886 3052 aedi·

166 2867 201 2929 in
218 2869 387 2930 suburbio
404 2869 595 2950 Iosephino
613 2872 771 2933 scholam
789 2873 998 2953 regentibus
1079 2868 1177 2931 varia
1195 2869 1351 2930 carmina
1369 2889 1482 2950 eaque
1503 2870 1603 2951 typis
1624 2879 1775 2932 exarata
1794 2882 1853 2933 tum
1866 2889 1885 2929 s.

166 3110 391 3174 imbueretur.
408 3111 475 3173 His
488 3113 672 3188 absolutis,
682 3114 849 3195 religioso
863 3125 998 3178 tractus
1076 3112 1148 3175 ficii
1164 3113 1425 3176 monasterialis
1445 3113 1607 3176 funditus
1629 3114 1764 3178 factam
1778 3126 1885 3177 restau-

164 3234 315 3314 fervore,
333 3253 437 3313 quern
454 3235 619 3315 poemate
633 3238 788 3316 quodam
804 3239 850 3298 ad
863 3258 997 3300 vesana
1077 3235 1250 3298 rationem
1268 3236 1388 3317 (1831),
1409 3247 1483 3297 tum
1505 3255 1670 3298 carorum
1691 3237 1882 3318 quorundam

164 3357 395 3419 atheistarum
413 3356 590 3418 molimina
611 3358 791 3437 punienda
812 3379 833 3419 a
854 3378 892 3421 se
913 3369 997 3422 tunc
1077 3357 1224 3419 fratrum
1244 3356 1447 3418 memoriam
1475 3358 1584 3438 (docti
1604 3358 1647 3420 P.
1670 3359 1715 3420 A.
1737 3356 1881 3421 Oberleit·

165 3479 362 3561 composito
374 3479 552 3561 probavit,
566 3499 658 3540 anno
676 3484 755 3542 1818
774 3482 889 3542 ordini
901 3502 928 3544 s.
941 3483 996 3544 Io·
1035 3443 1038 3527 i
1078 3479 1162 3559 neri,
1186 3483 1206 3558 †
1229 3479 1307 3541 Iulii
1338 3481 1429 3558 1832)
1459 3489 1495 3542 et
1521 3479 1616 3542 festa
1646 3480 1835 3562 (iubilaeum
1853 3477 1880 3538 P.

164 3601 265 3683 sephi
296 3600 490 3663 Calasantii
521 3602 675 3663 insertus
707 3613 778 3677 est;
815 3605 879 3665 sed
914 3615 996 3685 post
1035 3532 1038 3660 i
1077 3601 1879 3683 MeinradiLichtensteinerper25annosgym·

162 3744 269 3786 unum
284 3744 413 3786 annum
430 3709 626 3786 litterarum
647 3744 783 3805 amore,
807 3746 911 3806 quern
932 3727 996 3788 ite·
1077 3724 1177 3787 nasio
1193 3723 1378 3805 praefecti,
1394 3723 1452 3787 fin.
1469 3724 1550 3786 Iulii
1571 3727 1666 3807 1832)
1689 3726 1828 3788 candido
1840 3743 1877 3784 ar·

162 3866 238 3908 rum
265 3846 417 3907 carmine
444 3846 521 3928 „Ad
544 3846 689 3908 Musas“
722 3868 769 3909 10.
792 3847 886 3929 Aug.
916 3853 995 3926 1819
1078 3850 1164 3909 dore
1181 3847 1401 3909 celebrabat:
1419 3866 1510 3928 quae
1524 3848 1692 3930 carmina,
1709 3858 1747 3911 ut
1759 3864 1878 3910 commu·

162 3968 304 4030 condito
321 3971 520 4049 exserebat,
544 3971 727 4049 abreptuS,
754 3970 799 4030 ad
824 3968 997 4031 universi·
1077 3991 1157 4032 nem
1173 3969 1322 4031 fratrum
1338 3968 1449 4030 vitam
1469 3968 1765 4050 resplendebant,
1784 3969 1877 4029 horum

162 4100 271 4153 tatem
287 4088 528 4151 Viennensem
544 4091 685 4152 transiit
703 4090 823 4171 ibique
840 4091 996 4172 philoso-
1076 4092 1236 4154 favorem
1253 4090 1304 4152 ita
1320 4089 1552 4170 incurrerunt,
1578 4101 1618 4152 ut
1640 4111 1746 4153 unum
1767 4088 1876 4151 aliudve

160 4213 285 4295 phicas
301 4213 469 4275 scientias
485 4232 550 4293 per
566 4215 655 4274 duos
669 4232 781 4273 annos
796 4213 994 4275 hauriebat.
1077 4234 1142 4296 pro
1158 4213 1356 4293 occasione,
1373 4232 1402 4274 e.
1419 4232 1455 4294 g.
1472 4213 1518 4273 ab
1535 4212 1629 4274 Hon.
1647 4213 1768 4274 Kraus
1786 4211 1815 4271 in
1832 4223 1876 4267 suo

161 4336 298 4416 Quibus
310 4334 442 4415 optime
457 4345 602 4397 ornatus
615 4335 650 4396 in
664 4345 815 4398 monast.
830 4333 996 4398 Scotensi
1080 4334 1320 4418 ,1)1111111111111ιι
1346 4336 1464 4415 (1838),
1487 4334 1617 4396 iterum
1641 4333 1875 4414 imprimeretur.

160 4477 253 4519 anno
282 4461 358 4517 1821
386 4456 443 4519 die
469 4462 519 4518 28.
545 4455 644 4538 Sept.
672 4459 845 4518 unacum
871 4457 995 4519 habitu
1048 4447 1049 4452 ¹
1076 4458 1248 4520 incitatus
1258 4458 1379 4538 itaque
1390 4456 1608 4518 Bertholdus
1618 4476 1683 4538 per
1694 4457 1874 4536 collegarum

162 4577 393 4640 Benedictino
414 4578 610 4639 ominosum
633 4578 701 4639 sibi
723 4578 908 4640 Bertholdi
934 4599 995 4642 no·
1075 4580 1286 4660 applausum
1312 4598 1357 4639 ex
1381 4577 1597 4639 occasionali
1625 4578 1727 4659 poesi
1752 4577 1793 4638 ad
1817 4573 1874 4634 sub

160 4721 239 4762 men
261 4701 428 4781 suscepit,
454 4700 587 4781 quippe
610 4702 706 4781 quod
723 4701 857 4782 ingenii
874 4702 992 4781 splen·
1074 4702 1224 4764 tiliorem
1240 4700 1371 4781 lyrices
1387 4701 1520 4762 cultum
1536 4700 1731 4780 processit:
1753 4717 1825 4761 mox
1840 4694 1873 4754 in·

159 4826 281 4885 dorem
308 4834 416 4903 atque
443 4822 667 4885 amicabilem
693 4824 801 4885 animi
825 4823 991 4886 affectum
1073 4833 1127 4886 ter
1143 4822 1334 4884 familiares
1361 4821 1511 4883 circulos
1528 4832 1699 4902 receptus
1721 4829 1755 4883 et
1773 4813 1872 4880 teneris

159 4946 378 5027 designaret;
396 4945 477 5007 dein
491 4945 547 5008 die
563 4951 591 5009 5.
606 4946 684 5010 Oct.
704 4950 783 5023 1824
798 4945 991 5027 professus,
1072 4944 1249 5006 amicitiae
1266 4943 1415 5006 vinculis
1431 4943 1574 5025 ligatus,
1593 4963 1686 5025 quae
1703 4935 1870 5025 praesentia

159 5068 215 5129 die
249 5088 297 5145 27.
330 5068 425 5148 Aug.
463 5072 543 5129 1826
575 5070 766 5151 presbyter
798 5069 990 5151 ordinatus,
1073 5068 1106 5128 in
1123 5068 1202 5147 ipso
1219 5075 1320 5128 erant
1333 5064 1545 5127 sentimenta
1559 5066 1715 5127 canebat
1728 5067 1768 5145 (v.
1780 5060 1869 5144 glan«

158 5189 355 5270 paulopost
363 5190 398 5250 in
410 5189 561 5251 ecclesia
570 5189 855 5252 Breitenleeensi
866 5190 990 5252 ditioni
1072 5191 1116 5250 ad
1133 5187 1220 5250 Maii
1241 5189 1349 5266 1835);
1366 5206 1449 5247 mox
1463 5204 1559 5266 veru,
1574 5187 1664 5248 dura
1676 5196 1768 5247 sorte
1779 5175 1868 5244 amicis

159 5310 322 5373 Scotensi
338 5311 498 5373 subiecta
514 5311 663 5393 primum
682 5312 761 5373 Deo
785 5312 914 5373 obtulit
935 5333 989 5373 sa·
1071 5321 1233 5391 ereptus,
1262 5308 1487 5370 solitudinem
1517 5327 1619 5370 suam
1647 5309 1821 5389 deplorans
1840 5315 1867 5358 ea
1922 5360 1925 5431 ,

158 5430 325 5495 orificium
351 5434 581 5514 incruentum,
609 5434 666 5495 die
691 5439 720 5496 3.
746 5433 845 5514 Sept.
867 5430 989 5495 ‘Anno
1070 5452 1161 5512 quae
1178 5431 1345 5493 memoria
1362 5443 1398 5492 et
1414 5432 1522 5492 corde
1543 5433 1694 5493 tenebat
1713 5421 1866 5512 praeterita
