4088 6270
887 491 1169 559 ..132-

158 677 366 738 dehortatus
380 683 444 738 est.
460 674 600 737 Rumor
615 674 800 738 insolentis
815 674 902 738 facti
919 684 989 738 tar-

158 797 236 859 dius
252 798 299 859 ad
314 816 419 859 aures
436 796 578 859 abbatis
600 798 740 860 delatus
760 797 915 860 animum
936 797 989 880 ip·

157 918 231 980 sius
255 920 486 981 vehementer
508 917 651 1001 afflixit,
680 919 847 1001 deposuit
870 929 988 983 autem

156 1059 362 1121 maerorem,
379 1049 570 1122 postquam
583 1059 705 1103 omnes
717 1050 839 1122 patres
852 1041 989 1123 capitu-

156 1163 250 1225 lares
273 1182 334 1225 ore
358 1171 395 1225 et
418 1163 553 1225 calamo
577 1163 768 1226 contestati
792 1173 885 1245 sunt,
908 1183 988 1227 sese

157 1285 260 1348 huius
286 1284 373 1348 facti
400 1305 466 1347 nec
494 1285 670 1367 conscioS,
702 1305 766 1348 nec
793 1296 987 1367 consortes,

158 1409 268 1471 multo
295 1407 409 1470 minus
437 1406 667 1489 instigatores
692 1407 818 1483 fuisse3
847 1419 883 1472 et
910 1410 988 1492 ipse

156 1530 267 1593 falsus
294 1541 481 1592 accusator
507 1529 648 1592 traditis
679 1550 713 1611 p.
742 1532 878 1594 decano
911 1531 989 1594 istis

157 1651 272 1715 nuntii
288 1653 473 1733 apostolici
486 1652 669 1733 rescriptis
681 1652 817 1735 litteris,
834 1672 989 1716 errorem

158 1774 352 1857 confessuS,
374 1774 515 1837 veniam
537 1774 715 1837 humiliter
738 1775 856 1857 petiit,
881 1785 989 1857 atque

158 1900 204 1960 ab
221 1897 528 1980 indulgentissimo
548 1908 651 1978 patre
672 1917 741 1960 non
757 1898 849 1961 hanc
865 1900 988 1980 solum,

158 2022 222 2083 sed
251 2030 286 2083 et
314 2020 528 2083 oblivionem
552 2030 672 2084 reatus
696 2020 750 2083 sui
774 2020 988 2102 impetravit,

157 2141 350 2206 honorifico
379 2143 497 2207 officio
524 2164 632 2226 supra
659 2144 800 2225 merita,
832 2145 989 2226 benigne

156 2266 272 2348 magis
289 2286 395 2346 quam
418 2265 510 2328 iuste
530 2266 694 2328 admotus
714 2265 834 2347 illique
851 2265 989 2328 immor·

157 2397 248 2452 tuus.
278 2386 578 2470 Suppressionem
602 2389 784 2451 societatis
804 2388 886 2451 Iesu
909 2409 989 2472 gra-

156 2510 250 2573 viter
261 2512 456 2591 maerebat,
469 2530 578 2592 saepe
590 2510 830 2593 ingeminans:
848 2509 908 2593 „Si
921 2512 988 2574 hoc

158 2631 193 2695 in
209 2632 314 2694 viridi
335 2631 444 2715 lign0,
469 2632 504 2694 in
521 2633 620 2695 arido
637 2633 722 2715 quid
738 2631 839 2695 fiet?“
868 2633 989 2695 Facile

157 2754 250 2817 enim
281 2755 430 2816 ominari
461 2754 612 2837 quisque
644 2756 801 2836 prudens
836 2764 988 2836 poterat,

158 2875 288 2939 ceteris
316 2876 503 2958 quibusvis
532 2876 707 2959 religiosis
738 2876 989 2939 sodalitatibus

156 2994 355 3061 'extremum
371 2999 543 3062 malorum
560 2998 883 3081 pertimescendum
899 3019 988 3064 esse.

157 3120 362 3184 Acerrimus
389 3121 581 3204 religionis,
609 3141 733 3184 sacrae
759 3121 989 3204 hierarchiae,

1070 676 1145 740 sine
1175 677 1303 759 fructu,
1336 687 1375 740 ut
1405 677 1484 760 ipse
1510 676 1747 740 Honthemius
1773 679 1863 744 abbati

1069 798 1224 862 Martino
1240 817 1332 862 anno
1349 818 1430 879 1779
1446 798 1640 881 rescripsit
1658 798 1759 861 Vana
1769 819 1864 883 nempe

1069 921 1199 1002 opini0,
1225 939 1331 1003 posse
1354 921 1560 984 lutheranos
1584 920 1632 981 ad
1655 919 1808 983 unionem
1824 942 1865 984 ca·

1068 1043 1220 1106 tholicae
1237 1041 1410 1106 ecclesiae
1425 1041 1558 1124 reduci,
1579 1041 1610 1104 si
1631 1042 1737 1104 sedes
1756 1056 1866 1123 aposto

1067 1165 1135 1228 lica
1152 1165 1197 1228 de
1213 1164 1309 1227 avito
1322 1183 1386 1227 suo
1398 1163 1474 1226 iure
1486 1161 1623 1245 aliquid
1636 1163 1867 1244 cederet,H0n·

1068 1287 1237 1350 themium
1250 1286 1451 1368 multosque
1464 1285 1659 1349 catholicos
1674 1286 1813 1367 decepit,
1822 1306 1867 1349 eos

1068 1410 1185 1490 etiam,
1209 1409 1269 1491 qui
1290 1410 1336 1472 ad
1358 1417 1573 1472 conventum
1593 1410 1749 1489 desuper
1762 1407 1867 1470 Fuldae

1067 1531 1237 1611 habitum,
1254 1532 1422 1593 abbatem
1433 1528 1629 1592 Martinum
1645 1529 1791 1592 invitare
1803 1530 1866 1592 etin

1068 1666 1207 1736 partem
1227 1653 1387 1716 laborum
1407 1652 1548 1715 trahere
1569 1651 1688 1714 adnisi
1708 1660 1793 1733 sunt,
1812 1651 1866 1733 qui·

1068 1778 1136 1838 bus
1151 1775 1229 1858 ipse
1246 1777 1392 1839 cordate
1405 1775 1602 1856 rescripsit:
1621 1772 1769 1857 „Quoad
1779 1785 1866 1856 prote·

1069 1908 1207 1962 stantes
1222 1897 1258 1961 id
1275 1918 1420 1980 sperare
1435 1917 1506 1961 non
1523 1916 1642 1979 posse,
1659 1905 1698 1959 ut
1719 1895 1776 1977 qui
1788 1895 1865 1958 iana

1070 2021 1142 2084 suis
1158 2021 1258 2084 libris
1275 2020 1491 2103 symboliciS,
1509 2039 1602 2101 quae
1618 2018 1717 2101 prius
1732 2017 1809 2099 ipsis
1820 2034 1865 2098 pro

1068 2142 1153 2206 fidei
1168 2144 1295 2226 regula
1311 2151 1422 2224 erant,
1444 2142 1541 2204 nullo
1556 2141 1682 2225 agnito
1699 2150 1865 2203 controver-

1070 2266 1201 2328 siarum
1216 2265 1343 2346 iudice,
1364 2264 1400 2328 in
1414 2267 1524 2328 rebus
1539 2262 1624 2326 fidei
1639 2263 1810 2326 recedant:
1826 2279 1865 2322 ca·

1069 2386 1208 2451 tholicis
1228 2406 1315 2450 vero
1336 2386 1530 2450 timendum
1553 2404 1644 2466 esse,
1665 2404 1720 2466 ne,
1745 2386 1815 2447 dum
1830 2380 1864 2444 ni·

1068 2510 1175 2574 mium
1206 2511 1253 2572 ad
1283 2509 1482 2572 acatholica
1517 2507 1694 2590 principia
1729 2506 1816 2588 pacis
1841 2511 1864 2562 et

1068 2631 1208 2696 unionis
1229 2650 1338 2695 causa
1353 2630 1544 2711 declinant,
1563 2628 1695 2692 sensim
1716 2648 1737 2690 a
1756 2623 1863 2691 cathol·

1069 2755 1120 2817 cis
1129 2752 1313 2836 principiis
1326 2755 1511 2833 abeuntes,
1520 2753 1666 2815 tandem
1675 2751 1807 2832 penitus
1816 2745 1863 2810 file

1069 2874 1269 2938 excidant“.
1283 2873 1441 2937 Maxime
1450 2882 1569 2936 autem
1582 2872 1732 2955 piissimi
1741 2870 1832 2954 patris
1840 2877 1864 2927 et

1070 2997 1224 3061 omnium
1241 2997 1519 3060 orthodoxorum
1535 2995 1672 3058 animos
1688 2992 1807 3058 afflixit
1814 3006 1864 3070 ny·

1070 3119 1216 3183 sterium
1236 3118 1444 3199 iniquitatis,
1470 3118 1566 3200 quod
1587 3137 1668 3181 cum
1690 3117 1751 3180 diu
1770 3107 1865 3177 iamin

158 3243 193 3306 in
209 3243 333 3325 primis
353 3243 527 3326 primatus
549 3244 644 3306 sedis
661 3243 848 3306 Romanae
869 3245 990 3307 adser-
1071 3239 1865 3322 Gallorumcerebrisparturisset,tandemrnon·

158 3376 213 3429 tor
228 3368 341 3428 abbas
357 3366 534 3428 Martinus
550 3367 652 3448 plura
668 3366 702 3428 in
724 3386 802 3428 eam
822 3384 897 3429 rem
918 3366 990 3429 edi-

158 3488 210 3552 dit
226 3488 406 3570 opuscula,
423 3489 633 3569 praesertim
651 3488 750 3551 illud:
767 3488 822 3550 De
836 3508 990 3551 commu·

158 3611 262 3674 nione
284 3610 475 3692 potestatis
497 3610 763 3674 ecclesiasticae
785 3612 877 3673 inter
897 3630 990 3672 sum-

1071 3375 1224 3429 strosum
1250 3364 1385 3427 foetum
1409 3362 1537 3445 edidit,
1562 3381 1711 3424 saevum
1737 3371 1771 3423 et
1794 3370 1865 3438 aper·

1071 3498 1145 3552 tum
1162 3487 1281 3550 odium
1297 3487 1333 3549 in
1349 3485 1537 3549 ecclesiam
1558 3484 1775 3564 catholicam,
1794 3480 1864 3542 abre

1070 3611 1252 3694 gationem
1269 3608 1383 3672 omnis
1395 3606 1578 3690 religionis
1591 3607 1778 3685 revelatae,
1792 3594 1864 3665 truci·

157 3752 233 3796 mos
264 3732 455 3814 principes,
487 3732 690 3814 pontificem
723 3742 759 3795 et
789 3732 990 3815 episcopoS,
1072 3734 1252 3810 dationem
1288 3741 1325 3793 et
1360 3729 1607 3811 expulsionem
1644 3728 1864 3810 episcoporum,

160 3857 253 3938 quod
268 3876 289 3918 a
302 3875 452 3918 censura
463 3855 579 3917 aulica
591 3854 795 3937 Viennensi,
805 3855 991 3918 contrariis

159 3977 344 4060 principiis
370 3977 521 4059 imbuta,
547 3977 639 4039 male
663 3986 823 4040 notatum
846 3977 927 4052 fuit;
956 3986 993 4039 et

160 4100 236 4163 eius
245 4098 607 4184 ,Ecclesiamilitans“
623 4099 793 4162 conviciis
806 4109 961 4181 excepta
971 4120 992 4162 a

160 4221 402 4292 novatoribus,
419 4240 511 4303 quae
528 4220 670 4303 quidem
686 4221 847 4283 convicia
868 4221 993 4284 honori

160 4343 228 4406 sibi
264 4344 435 4423 ducebat,
473 4343 609 4426 eligens
645 4342 761 4426 magis
797 4342 993 4425 vituperari

162 4487 267 4549 quam
294 4466 431 4528 laudari
455 4486 476 4527 a
499 4465 678 4547 perversis
706 4466 884 4548 theologis
908 4466 993 4529 nihil

161 4608 232 4651 non
266 4587 510 4668 molientibus,
547 4596 585 4649 ut
621 4586 777 4649 Romani
814 4586 992 4669 pontificis

162 4710 409 4774 auctoritatem
420 4719 456 4772 et
465 4709 742 4773 iurisdictionem
753 4710 993 4773 convellerent

162 4841 475 4912 concuterentque.
513 4831 569 4893 Ex
600 4832 726 4894 eadem
757 4851 865 4894 causa
896 4832 994 4895 Hon-

162 4954 293 5017 themio
306 4952 509 5016 Trevirensi
526 4952 763 5036 suffraganeO,
781 4953 841 5034 qui
855 4955 921 5015 sub
933 4972 995 5015 no·

162 5076 255 5138 mine
275 5074 400 5138 Iustini
416 5075 594 5137 Febronio
614 5074 772 5137 libellum
794 5075 925 5138 emisit:
951 5076 995 5137 de

163 5207 258 5261 statu
286 5196 459 5259 ecclesiae
488 5206 524 5259 et
551 5196 710 5280 legitima
738 5207 920 5278 potestate
949 5198 995 5260 ad

163 5318 376 5382 reuniendos
405 5318 620 5383 dissidentes
646 5319 683 5382 in
710 5319 882 5402 religione
907 5319 995 5382 chri-

1071 3857 1297 3919 sacerdotum
1319 3864 1355 3916 et
1375 3853 1637 3934 monachorum,
1661 3850 1724 3933 qui
1745 3838 1865 3931 pontifici

1072 3988 1109 4041 et
1132 3977 1306 4041 ecclesiae
1329 3973 1467 4057 fideles,
1497 3974 1633 4038 civicae
1659 3960 1864 4037 constitutioni

1072 4101 1313 4181 subscribere,
1340 4097 1504 4180 religioni
1528 4097 1598 4159 sibi
1621 4099 1803 4160 ducebant
1823 4080 1865 4151 Isti

1073 4222 1214 4305 expulsi
1235 4222 1441 4283 sacerdotes
1463 4229 1499 4283 et
1519 4218 1683 4282 monachi
1698 4204 1864 4300 vagabundi

1074 4343 1253 4408 turmatim
1270 4343 1316 4405 ad
1333 4361 1360 4405 s,
1377 4341 1535 4405 Blasium
1551 4342 1789 4419 convolarunt,
1805 4345 1864 4416 quos

1072 4467 1228 4548 benigne
1242 4464 1426 4546 excipiens
1439 4473 1476 4527 et
1486 4472 1527 4526 ut
1539 4462 1760 4527 confessores
1771 4447 1864 4525 Christi

1072 4598 1265 4651 veneratus
1287 4589 1401 4649 abbas
1417 4586 1604 4667 Martinus,
1628 4603 1800 4668 nunquam
1814 4575 1864 4639 siste

1074 4713 1166 4775 dono
1178 4719 1240 4773 aut
1248 4711 1324 4773 sine
1336 4709 1578 4773 consolatione
1588 4709 1732 4790 dimisit,
1740 4708 1863 4770 iisorne,

1075 4834 1170 4916 quod
1187 4833 1223 4896 in
1239 4833 1375 4896 viribus
1392 4843 1478 4915 erat,
1496 4832 1708 4915 obsequium
1722 4832 1863 4915 praestare

1075 4965 1231 5038 paratus.
1249 4954 1398 5036 Quoties
1411 4954 1583 5017 eiusmodi
1600 4945 1862 5017 commiseratione

1076 5077 1275 5160 dignissimi
1306 5078 1448 5139 exsules
1486 5076 1686 5159 principem
1715 5069 1862 5138 Martinam

1075 5200 1248 5281 adierunt,
1269 5200 1450 5262 recruduit
1473 5199 1509 5261 in
1532 5200 1642 5262 nobili
1662 5209 1796 5282 pectore
1813 5185 1862 5250 eius

1075 5323 1203 5384 vulnus
1223 5341 1287 5403 per
1308 5320 1438 5384 Gallici
1461 5318 1784 5385 antichristianismi
1799 5311 1862 5375 fuffl·

164 5440 288 5524 stiana,
314 5442 360 5504 ad
381 5442 646 5504 retractandum
670 5461 796 5504 suasor
820 5450 906 5522 erat,
929 5461 995 5503 nec
1033 5410 1037 5506 l
1075 5460 1149 5504 rem
1161 5441 1342 5524 inflictum,
1353 5441 1585 5524 ultimumque
1595 5441 1759 5507 Gerberti
1770 5417 1862 5517 ingenii
