<?xml version="1.0" encoding="UTF-8"?>
<!DOCTYPE html PUBLIC "-//W3C//DTD XHTML 1.0 Transitional//EN"
    "http://www.w3.org/TR/xhtml1/DTD/xhtml1-transitional.dtd">
<html xmlns="http://www.w3.org/1999/xhtml" xml:lang="en" lang="en">
 <head>
  <title>
</title>
<meta http-equiv="Content-Type" content="text/html;charset=utf-8" />
  <meta name='ocr-system' content='tesseract 3.04.00' />
  <meta name='ocr-capabilities' content='ocr_page ocr_carea ocr_par ocr_line ocrx_word'/>
</head>
<body>
  <div class='ocr_page' id='page_1' title='image "./scriptoresordin00benegoog_0079.png"; bbox 0 0 4034 6262; ppageno 0'>
   <div class='ocr_carea' id='block_1_1' title="bbox 788 161 1083 224">
    <p class='ocr_par' dir='ltr' id='par_1_1' title="bbox 788 161 1083 224">
     <span class='ocr_line' id='line_1_1' title="bbox 788 161 1083 224; baseline 0 0"><span class='ocrx_word' id='word_1_1' title='bbox 788 199 829 208; x_wconf 91' lang='lat'>-</span> <span class='ocrx_word' id='word_1_2' title='bbox 875 161 999 224; x_wconf 88' lang='lat' dir='ltr'>LXVI</span> <span class='ocrx_word' id='word_1_3' title='bbox 1045 197 1083 206; x_wconf 89' lang='lat'><em>-</em></span> 
     </span>
    </p>
   </div>
   <div class='ocr_carea' id='block_1_2' title="bbox 60 385 1787 1444">
    <p class='ocr_par' dir='ltr' id='par_1_2' title="bbox 105 385 1787 470">
     <span class='ocr_line' id='line_1_2' title="bbox 105 385 1787 470; baseline -0.005 -19"><span class='ocrx_word' id='word_1_4' title='bbox 105 389 228 451; x_wconf 84' lang='lat' dir='ltr'>:ultate</span> <span class='ocrx_word' id='word_1_5' title='bbox 252 387 499 469; x_wconf 89' lang='lat' dir='ltr'>philosophica</span> <span class='ocrx_word' id='word_1_6' title='bbox 522 399 558 450; x_wconf 88' lang='lat' dir='ltr'>et</span> <span class='ocrx_word' id='word_1_7' title='bbox 581 389 783 470; x_wconf 89' lang='lat' dir='ltr'>theologica</span> <span class='ocrx_word' id='word_1_8' title='bbox 798 389 1034 467; x_wconf 85' lang='lat' dir='ltr'>traderentur,</span> <span class='ocrx_word' id='word_1_9' title='bbox 1059 386 1279 469; x_wconf 85' lang='lat' dir='ltr'>designabat</span> <span class='ocrx_word' id='word_1_10' title='bbox 1302 395 1348 467; x_wconf 89' lang='lat' dir='ltr'>et,</span> <span class='ocrx_word' id='word_1_11' title='bbox 1372 395 1411 448; x_wconf 92' lang='lat' dir='ltr'>ut</span> <span class='ocrx_word' id='word_1_12' title='bbox 1428 385 1588 449; x_wconf 92' lang='lat' dir='ltr'>dictandi</span> <span class='ocrx_word' id='word_1_13' title='bbox 1604 385 1703 448; x_wconf 91' lang='lat' dir='ltr'>labor</span> <span class='ocrx_word' id='word_1_14' title='bbox 1718 404 1787 448; x_wconf 76' lang='lat' dir='ltr'>cu:</span> 
     </span>
    </p>

    <p class='ocr_par' dir='ltr' id='par_1_3' title="bbox 60 524 1787 1444">
     <span class='ocr_line' id='line_1_3' title="bbox 96 524 1787 609; baseline -0.003 -19"><span class='ocrx_word' id='word_1_15' title='bbox 96 529 229 591; x_wconf 91' lang='lat' dir='ltr'>olestus</span> <span class='ocrx_word' id='word_1_16' title='bbox 252 538 327 590; x_wconf 92' lang='lat' dir='ltr'>tum</span> <span class='ocrx_word' id='word_1_17' title='bbox 351 527 564 591; x_wconf 90' lang='lat' dir='ltr'>iuvenilibus</span> <span class='ocrx_word' id='word_1_18' title='bbox 589 527 715 591; x_wconf 88' lang='lat' dir='ltr'>animis</span> <span class='ocrx_word' id='word_1_19' title='bbox 737 546 863 609; x_wconf 82' lang='lat' dir='ltr'><strong>pamm</strong></span> <span class='ocrx_word' id='word_1_20' title='bbox 886 536 993 609; x_wconf 93' lang='lat' dir='ltr'>aptus</span> <span class='ocrx_word' id='word_1_21' title='bbox 1017 526 1216 607; x_wconf 92' lang='lat' dir='ltr'>tolleretur,</span> <span class='ocrx_word' id='word_1_22' title='bbox 1244 526 1291 588; x_wconf 92' lang='lat' dir='ltr'>ad</span> <span class='ocrx_word' id='word_1_23' title='bbox 1320 525 1584 606; x_wconf 85' lang='lat' dir='ltr'>praelectiones</span> <span class='ocrx_word' id='word_1_24' title='bbox 1608 524 1715 586; x_wconf 92' lang='lat' dir='ltr'>libros</span> <span class='ocrx_word' id='word_1_25' title='bbox 1736 546 1787 586; x_wconf 68' lang='grc' dir='ltr'>αι</span> 
     </span>
     <span class='ocr_line' id='line_1_4' title="bbox 79 664 1787 750; baseline -0.002 -21"><span class='ocrx_word' id='word_1_26' title='bbox 79 667 173 729; x_wconf 83' lang='lat' dir='ltr'>iberi</span> <span class='ocrx_word' id='word_1_27' title='bbox 190 667 347 747; x_wconf 90' lang='lat' dir='ltr'>iubebat,</span> <span class='ocrx_word' id='word_1_28' title='bbox 372 686 391 729; x_wconf 98' lang='lat' dir='ltr'>e</span> <span class='ocrx_word' id='word_1_29' title='bbox 409 668 547 749; x_wconf 93' lang='lat' dir='ltr'>quibus,</span> <span class='ocrx_word' id='word_1_30' title='bbox 572 687 661 748; x_wconf 89' lang='lat' dir='ltr'>quos</span> <span class='ocrx_word' id='word_1_31' title='bbox 678 667 861 750; x_wconf 87' lang='lat' dir='ltr'>eligerent,</span> <span class='ocrx_word' id='word_1_32' title='bbox 879 665 1150 748; x_wconf 85' lang='lat' dir='ltr'>philosophicae</span> <span class='ocrx_word' id='word_1_33' title='bbox 1166 664 1348 728; x_wconf 84' lang='lat' dir='ltr'>facultatis</span> <span class='ocrx_word' id='word_1_34' title='bbox 1364 664 1630 745; x_wconf 88' lang='lat' dir='ltr'>professoribus</span> <span class='ocrx_word' id='word_1_35' title='bbox 1650 664 1759 726; x_wconf 90' lang='lat' dir='ltr'>liberu</span> <span class='ocrx_word' id='word_1_36' title='bbox 1784 688 1787 693; x_wconf 94' lang='lat'>·</span> 
     </span>
     <span class='ocr_line' id='line_1_5' title="bbox 66 803 1787 887; baseline -0.001 -19"><span class='ocrx_word' id='word_1_37' title='bbox 66 817 137 868; x_wconf 69' lang='lat' dir='ltr'>arat</span> <span class='ocrx_word' id='word_1_38' title='bbox 168 805 361 868; x_wconf 88' lang='lat' dir='ltr'>arbitrium.</span> <span class='ocrx_word' id='word_1_39' title='bbox 408 806 670 887; x_wconf 85' lang='lat' dir='ltr'>Philosophicis</span> <span class='ocrx_word' id='word_1_40' title='bbox 704 806 830 868; x_wconf 91' lang='lat' dir='ltr'>studiis</span> <span class='ocrx_word' id='word_1_41' title='bbox 862 807 983 868; x_wconf 91' lang='lat' dir='ltr'>datum</span> <span class='ocrx_word' id='word_1_42' title='bbox 1015 816 1070 868; x_wconf 92' lang='lat' dir='ltr'>est</span> <span class='ocrx_word' id='word_1_43' title='bbox 1100 804 1233 867; x_wconf 91' lang='lat' dir='ltr'>biennii</span> <span class='ocrx_word' id='word_1_44' title='bbox 1270 803 1425 885; x_wconf 89' lang='lat' dir='ltr'>spatium</span> <span class='ocrx_word' id='word_1_45' title='bbox 1459 813 1568 884; x_wconf 90' lang='lat' dir='ltr'>atque</span> <span class='ocrx_word' id='word_1_46' title='bbox 1599 805 1667 866; x_wconf 89' lang='lat' dir='ltr'>hae</span> <span class='ocrx_word' id='word_1_47' title='bbox 1699 823 1787 866; x_wconf 77' lang='lat' dir='ltr'>era:</span> 
     </span>
     <span class='ocr_line' id='line_1_6' title="bbox 61 942 1787 1027; baseline -0.002 -19"><span class='ocrx_word' id='word_1_48' title='bbox 61 946 303 1008; x_wconf 88' lang='lat' dir='ltr'>absolvendae</span> <span class='ocrx_word' id='word_1_49' title='bbox 328 945 554 1026; x_wconf 90' lang='lat' dir='ltr'>disciplinae:</span> <span class='ocrx_word' id='word_1_50' title='bbox 584 944 712 1027; x_wconf 89' lang='lat' dir='ltr'>logica,</span> <span class='ocrx_word' id='word_1_51' title='bbox 735 944 998 1027; x_wconf 80' lang='lat' dir='ltr'>metaphysica,</span> <span class='ocrx_word' id='word_1_52' title='bbox 1022 943 1188 1027; x_wconf 90' lang='lat' dir='ltr'>physica,</span> <span class='ocrx_word' id='word_1_53' title='bbox 1213 942 1439 1024; x_wconf 90' lang='lat' dir='ltr'>philosophia</span> <span class='ocrx_word' id='word_1_54' title='bbox 1461 942 1621 1024; x_wconf 90' lang='lat' dir='ltr'>moralis,</span> <span class='ocrx_word' id='word_1_55' title='bbox 1653 943 1787 1005; x_wconf 79' lang='lat' dir='ltr'>histor·</span> 
     </span>
     <span class='ocr_line' id='line_1_7' title="bbox 60 1081 1787 1165; baseline 0 -20"><span class='ocrx_word' id='word_1_56' title='bbox 60 1084 281 1147; x_wconf 88' lang='lat' dir='ltr'>universalis.</span> <span class='ocrx_word' id='word_1_57' title='bbox 327 1084 554 1165; x_wconf 85' lang='lat' dir='ltr'>Theologicis</span> <span class='ocrx_word' id='word_1_58' title='bbox 577 1083 704 1145; x_wconf 90' lang='lat' dir='ltr'>studiis</span> <span class='ocrx_word' id='word_1_59' title='bbox 734 1103 778 1145; x_wconf 89' lang='lat' dir='ltr'>ex</span> <span class='ocrx_word' id='word_1_60' title='bbox 803 1083 957 1146; x_wconf 88' lang='lat' dir='ltr'>decretis</span> <span class='ocrx_word' id='word_1_61' title='bbox 987 1083 1127 1146; x_wconf 92' lang='lat' dir='ltr'>concilii</span> <span class='ocrx_word' id='word_1_62' title='bbox 1151 1081 1348 1145; x_wconf 89' lang='lat' dir='ltr'>Tridentini</span> <span class='ocrx_word' id='word_1_63' title='bbox 1372 1091 1538 1162; x_wconf 89' lang='lat' dir='ltr'>quattuor</span> <span class='ocrx_word' id='word_1_64' title='bbox 1562 1082 1647 1144; x_wconf 90' lang='lat' dir='ltr'>anni</span> <span class='ocrx_word' id='word_1_65' title='bbox 1676 1091 1787 1145; x_wconf 71' lang='lat' dir='ltr'>stati:</span> 
     </span>
     <span class='ocr_line' id='line_1_8' title="bbox 61 1220 1772 1305; baseline -0.001 -20"><span class='ocrx_word' id='word_1_66' title='bbox 61 1232 154 1286; x_wconf 91' lang='lat' dir='ltr'>sunt.</span> <span class='ocrx_word' id='word_1_67' title='bbox 186 1221 305 1284; x_wconf 91' lang='lat' dir='ltr'>Primo</span> <span class='ocrx_word' id='word_1_68' title='bbox 322 1243 415 1285; x_wconf 91' lang='lat' dir='ltr'>anno</span> <span class='ocrx_word' id='word_1_69' title='bbox 432 1224 627 1286; x_wconf 85' lang='lat' dir='ltr'>tradendae</span> <span class='ocrx_word' id='word_1_70' title='bbox 645 1234 746 1285; x_wconf 89' lang='lat' dir='ltr'>erant</span> <span class='ocrx_word' id='word_1_71' title='bbox 762 1223 906 1305; x_wconf 85' lang='lat' dir='ltr'>linguae</span> <span class='ocrx_word' id='word_1_72' title='bbox 923 1223 1124 1305; x_wconf 89' lang='lat' dir='ltr'>orientales,</span> <span class='ocrx_word' id='word_1_73' title='bbox 1142 1220 1417 1303; x_wconf 89' lang='lat' dir='ltr'>hermeneutica,</span> <span class='ocrx_word' id='word_1_74' title='bbox 1434 1221 1638 1303; x_wconf 89' lang='lat' dir='ltr'>patrologia</span> <span class='ocrx_word' id='word_1_75' title='bbox 1655 1230 1772 1283; x_wconf 83' lang='lat' dir='ltr'>aucto</span> 
     </span>
     <span class='ocr_line' id='line_1_9' title="bbox 61 1360 1787 1444; baseline 0.001 -21"><span class='ocrx_word' id='word_1_76' title='bbox 61 1361 278 1441; x_wconf 87' lang='lat' dir='ltr'>Charmesi0,</span> <span class='ocrx_word' id='word_1_77' title='bbox 314 1381 360 1424; x_wconf 84' lang='lat' dir='ltr'>ex</span> <span class='ocrx_word' id='word_1_78' title='bbox 391 1361 538 1424; x_wconf 91' lang='lat' dir='ltr'>historia</span> <span class='ocrx_word' id='word_1_79' title='bbox 570 1382 671 1425; x_wconf 90' lang='lat' dir='ltr'>sacra</span> <span class='ocrx_word' id='word_1_80' title='bbox 703 1361 818 1444; x_wconf 90' lang='lat' dir='ltr'>prima</span> <span class='ocrx_word' id='word_1_81' title='bbox 848 1381 976 1425; x_wconf 91' lang='lat' dir='ltr'>novem</span> <span class='ocrx_word' id='word_1_82' title='bbox 1007 1363 1151 1424; x_wconf 85' lang='lat' dir='ltr'>saecula</span> <span class='ocrx_word' id='word_1_83' title='bbox 1180 1362 1373 1424; x_wconf 91' lang='lat' dir='ltr'>secundum</span> <span class='ocrx_word' id='word_1_84' title='bbox 1398 1360 1613 1424; x_wconf 90' lang='lat' dir='ltr'>breviarium</span> <span class='ocrx_word' id='word_1_85' title='bbox 1637 1361 1787 1425; x_wconf 66' lang='lat' dir='ltr'>Bertist&#39;</span> 
     </span>
    </p>
   </div>
   <div class='ocr_carea' id='block_1_3' title="bbox 61 1499 1787 1583">
    <p class='ocr_par' dir='ltr' id='par_1_4' title="bbox 61 1499 1787 1583">
     <span class='ocr_line' id='line_1_10' title="bbox 61 1499 1787 1583; baseline 0 -20"><span class='ocrx_word' id='word_1_86' title='bbox 61 1502 219 1563; x_wconf 90' lang='lat' dir='ltr'>secundo</span> <span class='ocrx_word' id='word_1_87' title='bbox 236 1501 441 1583; x_wconf 91' lang='lat' dir='ltr'>dogmatica</span> <span class='ocrx_word' id='word_1_88' title='bbox 458 1512 602 1564; x_wconf 90' lang='lat' dir='ltr'>auctore</span> <span class='ocrx_word' id='word_1_89' title='bbox 621 1499 815 1582; x_wconf 85' lang='lat' dir='ltr'>Gazaniga,</span> <span class='ocrx_word' id='word_1_90' title='bbox 840 1520 886 1562; x_wconf 84' lang='lat' dir='ltr'>ex</span> <span class='ocrx_word' id='word_1_91' title='bbox 903 1501 1050 1564; x_wconf 90' lang='lat' dir='ltr'>historia</span> <span class='ocrx_word' id='word_1_92' title='bbox 1067 1520 1169 1563; x_wconf 89' lang='lat' dir='ltr'>sacra</span> <span class='ocrx_word' id='word_1_93' title='bbox 1186 1519 1313 1563; x_wconf 90' lang='lat' dir='ltr'>novem</span> <span class='ocrx_word' id='word_1_94' title='bbox 1331 1502 1474 1563; x_wconf 85' lang='lat' dir='ltr'>saecula</span> <span class='ocrx_word' id='word_1_95' title='bbox 1491 1519 1583 1581; x_wconf 89' lang='lat' dir='ltr'>quae</span> <span class='ocrx_word' id='word_1_96' title='bbox 1599 1502 1787 1563; x_wconf 75' lang='lat' dir='ltr'>restabat·</span> 
     </span>
    </p>
   </div>
   <div class='ocr_carea' id='block_1_4' title="bbox 60 1625 1787 1723">
    <p class='ocr_par' dir='ltr' id='par_1_5' title="bbox 60 1625 1787 1723">
     <span class='ocr_line' id='line_1_11' title="bbox 60 1625 1787 1723; baseline 0.002 -22"><span class='ocrx_word' id='word_1_97' title='bbox 60 1640 166 1702; x_wconf 89' lang='lat' dir='ltr'>tertio</span> <span class='ocrx_word' id='word_1_98' title='bbox 190 1641 393 1723; x_wconf 89' lang='lat' dir='ltr'>dogmatica</span> <span class='ocrx_word' id='word_1_99' title='bbox 416 1651 561 1704; x_wconf 90' lang='lat' dir='ltr'>auctore</span> <span class='ocrx_word' id='word_1_100' title='bbox 585 1641 771 1721; x_wconf 90' lang='lat' dir='ltr'>Bertieri0,</span> <span class='ocrx_word' id='word_1_101' title='bbox 796 1641 977 1721; x_wconf 89' lang='lat' dir='ltr'>theologia</span> <span class='ocrx_word' id='word_1_102' title='bbox 1001 1641 1143 1703; x_wconf 88' lang='lat' dir='ltr'>moralis</span> <span class='ocrx_word' id='word_1_103' title='bbox 1167 1651 1313 1702; x_wconf 91' lang='lat' dir='ltr'>auctore</span> <span class='ocrx_word' id='word_1_104' title='bbox 1338 1639 1516 1712; x_wconf 79' lang='lat' dir='ltr'>Antoni03</span> <span class='ocrx_word' id='word_1_105' title='bbox 1545 1625 1673 1720; x_wconf 87' lang='lat' dir='ltr'>quarto</span> <span class='ocrx_word' id='word_1_106' title='bbox 1703 1640 1787 1704; x_wconf 68' lang='lat' dir='ltr'>the</span> 
     </span>
    </p>
   </div>
   <div class='ocr_carea' id='block_1_5' title="bbox 57 1777 1787 4502">
    <p class='ocr_par' dir='ltr' id='par_1_6' title="bbox 57 1777 1787 3929">
     <span class='ocr_line' id='line_1_12' title="bbox 58 1777 1787 1862; baseline -0.001 -21"><span class='ocrx_word' id='word_1_107' title='bbox 58 1779 155 1860; x_wconf 86' lang='lat' dir='ltr'>logia</span> <span class='ocrx_word' id='word_1_108' title='bbox 168 1778 320 1860; x_wconf 92' lang='lat' dir='ltr'>moralis,</span> <span class='ocrx_word' id='word_1_109' title='bbox 331 1779 512 1862; x_wconf 86' lang='lat' dir='ltr'>theologia</span> <span class='ocrx_word' id='word_1_110' title='bbox 524 1780 714 1862; x_wconf 91' lang='lat' dir='ltr'>pastoralis</span> <span class='ocrx_word' id='word_1_111' title='bbox 727 1790 872 1841; x_wconf 88' lang='lat' dir='ltr'>auctore</span> <span class='ocrx_word' id='word_1_112' title='bbox 885 1777 1079 1859; x_wconf 90' lang='lat' dir='ltr'>Obstreti0,</span> <span class='ocrx_word' id='word_1_113' title='bbox 1093 1779 1313 1842; x_wconf 90' lang='lat' dir='ltr'>catechetica</span> <span class='ocrx_word' id='word_1_114' title='bbox 1327 1790 1363 1841; x_wconf 90' lang='lat' dir='ltr'>et</span> <span class='ocrx_word' id='word_1_115' title='bbox 1376 1778 1580 1841; x_wconf 89' lang='lat' dir='ltr'>homiletica</span> <span class='ocrx_word' id='word_1_116' title='bbox 1592 1778 1787 1841; x_wconf 74' lang='lat' dir='ltr'>auctorib</span> 
     </span>
     <span class='ocr_line' id='line_1_13' title="bbox 60 1916 1783 1999; baseline 0.001 -18"><span class='ocrx_word' id='word_1_117' title='bbox 60 1916 242 1981; x_wconf 89' lang='lat' dir='ltr'>Schmidio</span> <span class='ocrx_word' id='word_1_118' title='bbox 266 1929 301 1980; x_wconf 89' lang='lat' dir='ltr'>et</span> <span class='ocrx_word' id='word_1_119' title='bbox 324 1917 519 1999; x_wconf 90' lang='lat' dir='ltr'>Wurzeri0,</span> <span class='ocrx_word' id='word_1_120' title='bbox 544 1917 599 1980; x_wconf 90' lang='lat' dir='ltr'>ius</span> <span class='ocrx_word' id='word_1_121' title='bbox 623 1917 830 1979; x_wconf 90' lang='lat' dir='ltr'>canonicum</span> <span class='ocrx_word' id='word_1_122' title='bbox 854 1927 999 1979; x_wconf 91' lang='lat' dir='ltr'>auctore</span> <span class='ocrx_word' id='word_1_123' title='bbox 1021 1918 1177 1979; x_wconf 87' lang='lat' dir='ltr'>Antonio</span> <span class='ocrx_word' id='word_1_124' title='bbox 1202 1916 1393 1981; x_wconf 90' lang='lat' dir='ltr'>Schmidi0.</span> <span class='ocrx_word' id='word_1_125' title='bbox 1430 1917 1546 1980; x_wconf 89' lang='lat' dir='ltr'>Etiam</span> <span class='ocrx_word' id='word_1_126' title='bbox 1570 1918 1606 1979; x_wconf 94' lang='lat' dir='ltr'>in</span> <span class='ocrx_word' id='word_1_127' title='bbox 1631 1916 1783 1982; x_wconf 83' lang='lat' dir='ltr'>faculta</span> 
     </span>
     <span class='ocr_line' id='line_1_14' title="bbox 59 2055 1787 2138; baseline 0.002 -20"><span class='ocrx_word' id='word_1_128' title='bbox 59 2056 208 2119; x_wconf 89' lang='lat' dir='ltr'>iuridica</span> <span class='ocrx_word' id='word_1_129' title='bbox 230 2075 323 2118; x_wconf 89' lang='lat' dir='ltr'>anno</span> <span class='ocrx_word' id='word_1_130' title='bbox 351 2076 431 2135; x_wconf 73' lang='lat'>1774</span> <span class='ocrx_word' id='word_1_131' title='bbox 455 2057 631 2137; x_wconf 86' lang='lat' dir='ltr'>quaedam</span> <span class='ocrx_word' id='word_1_132' title='bbox 656 2068 815 2119; x_wconf 88' lang='lat' dir='ltr'>correcta</span> <span class='ocrx_word' id='word_1_133' title='bbox 839 2067 921 2119; x_wconf 91' lang='lat' dir='ltr'>sunt</span> <span class='ocrx_word' id='word_1_134' title='bbox 945 2067 1051 2138; x_wconf 91' lang='lat' dir='ltr'>atque</span> <span class='ocrx_word' id='word_1_135' title='bbox 1076 2058 1159 2119; x_wconf 89' lang='lat' dir='ltr'>novi</span> <span class='ocrx_word' id='word_1_136' title='bbox 1182 2057 1273 2137; x_wconf 90' lang='lat' dir='ltr'>libri,</span> <span class='ocrx_word' id='word_1_137' title='bbox 1298 2077 1446 2138; x_wconf 90' lang='lat' dir='ltr'>quorum</span> <span class='ocrx_word' id='word_1_138' title='bbox 1463 2067 1536 2119; x_wconf 91' lang='lat' dir='ltr'>tum</span> <span class='ocrx_word' id='word_1_139' title='bbox 1554 2057 1589 2119; x_wconf 92' lang='lat' dir='ltr'>in</span> <span class='ocrx_word' id='word_1_140' title='bbox 1607 2055 1787 2122; x_wconf 84' lang='lat' dir='ltr'>German:</span> 
     </span>
     <span class='ocr_line' id='line_1_15' title="bbox 59 2194 1787 2278; baseline 0.001 -22"><span class='ocrx_word' id='word_1_141' title='bbox 59 2195 213 2256; x_wconf 90' lang='lat' dir='ltr'>omnium</span> <span class='ocrx_word' id='word_1_142' title='bbox 237 2194 367 2257; x_wconf 91' lang='lat' dir='ltr'>iudicio</span> <span class='ocrx_word' id='word_1_143' title='bbox 392 2206 555 2277; x_wconf 88' lang='lat' dir='ltr'>spectata</span> <span class='ocrx_word' id='word_1_144' title='bbox 580 2204 657 2258; x_wconf 89' lang='lat' dir='ltr'>erat</span> <span class='ocrx_word' id='word_1_145' title='bbox 680 2195 824 2276; x_wconf 90' lang='lat' dir='ltr'>utilitas,</span> <span class='ocrx_word' id='word_1_146' title='bbox 851 2194 1000 2258; x_wconf 89' lang='lat' dir='ltr'>adhibiti</span> <span class='ocrx_word' id='word_1_147' title='bbox 1024 2206 1106 2258; x_wconf 92' lang='lat' dir='ltr'>sunt</span> <span class='ocrx_word' id='word_1_148' title='bbox 1129 2197 1175 2258; x_wconf 89' lang='lat' dir='ltr'>ad</span> <span class='ocrx_word' id='word_1_149' title='bbox 1198 2196 1470 2278; x_wconf 90' lang='lat' dir='ltr'>praelectiones,</span> <span class='ocrx_word' id='word_1_150' title='bbox 1504 2217 1595 2277; x_wconf 89' lang='lat' dir='ltr'>quae</span> <span class='ocrx_word' id='word_1_151' title='bbox 1626 2208 1728 2258; x_wconf 89' lang='lat' dir='ltr'>erant</span> <span class='ocrx_word' id='word_1_152' title='bbox 1756 2201 1787 2259; x_wconf 75' lang='lat' dir='ltr'>d</span> 
     </span>
     <span class='ocr_line' id='line_1_16' title="bbox 59 2332 1787 2417; baseline 0.003 -23"><span class='ocrx_word' id='word_1_153' title='bbox 59 2333 133 2396; x_wconf 90' lang='lat' dir='ltr'>iure</span> <span class='ocrx_word' id='word_1_154' title='bbox 157 2333 311 2414; x_wconf 92' lang='lat' dir='ltr'>public0,</span> <span class='ocrx_word' id='word_1_155' title='bbox 336 2335 381 2394; x_wconf 92' lang='lat' dir='ltr'>de</span> <span class='ocrx_word' id='word_1_156' title='bbox 404 2333 551 2396; x_wconf 90' lang='lat' dir='ltr'>historia</span> <span class='ocrx_word' id='word_1_157' title='bbox 574 2334 712 2416; x_wconf 91' lang='lat' dir='ltr'>imperii</span> <span class='ocrx_word' id='word_1_158' title='bbox 736 2332 949 2414; x_wconf 88' lang='lat' dir='ltr'>Germanici,</span> <span class='ocrx_word' id='word_1_159' title='bbox 975 2336 1019 2397; x_wconf 93' lang='lat' dir='ltr'>de</span> <span class='ocrx_word' id='word_1_160' title='bbox 1043 2336 1240 2417; x_wconf 91' lang='lat' dir='ltr'>pandectis,</span> <span class='ocrx_word' id='word_1_161' title='bbox 1266 2338 1310 2398; x_wconf 91' lang='lat' dir='ltr'>de</span> <span class='ocrx_word' id='word_1_162' title='bbox 1335 2336 1627 2416; x_wconf 61' lang='lat' dir='ltr'>institutionibus</span> <span class='ocrx_word' id='word_1_163' title='bbox 1659 2337 1703 2398; x_wconf 91' lang='lat' dir='ltr'>de</span> <span class='ocrx_word' id='word_1_164' title='bbox 1726 2336 1787 2399; x_wconf 89' lang='lat' dir='ltr'>iur:</span> 
     </span>
     <span class='ocr_line' id='line_1_17' title="bbox 61 2472 1785 2556; baseline 0.001 -22"><span class='ocrx_word' id='word_1_165' title='bbox 61 2474 268 2554; x_wconf 89' lang='lat' dir='ltr'>decuman0,</span> <span class='ocrx_word' id='word_1_166' title='bbox 293 2473 338 2533; x_wconf 88' lang='lat' dir='ltr'>de</span> <span class='ocrx_word' id='word_1_167' title='bbox 362 2472 479 2534; x_wconf 92' lang='lat' dir='ltr'>causis</span> <span class='ocrx_word' id='word_1_168' title='bbox 504 2473 653 2552; x_wconf 89' lang='lat' dir='ltr'>privatis</span> <span class='ocrx_word' id='word_1_169' title='bbox 677 2484 713 2535; x_wconf 88' lang='lat' dir='ltr'>et</span> <span class='ocrx_word' id='word_1_170' title='bbox 737 2473 901 2553; x_wconf 79' lang='lat' dir='ltr'>publicis,</span> <span class='ocrx_word' id='word_1_171' title='bbox 948 2474 1220 2537; x_wconf 79' lang='lat' dir='ltr'>Administratio</span> <span class='ocrx_word' id='word_1_172' title='bbox 1245 2474 1487 2537; x_wconf 90' lang='lat' dir='ltr'>universitatis</span> <span class='ocrx_word' id='word_1_173' title='bbox 1515 2484 1624 2556; x_wconf 90' lang='lat' dir='ltr'>atque</span> <span class='ocrx_word' id='word_1_174' title='bbox 1649 2476 1785 2537; x_wconf 80' lang='lat' dir='ltr'>docenc</span> 
     </span>
     <span class='ocr_line' id='line_1_18' title="bbox 59 2611 1768 2695; baseline 0.001 -22"><span class='ocrx_word' id='word_1_175' title='bbox 59 2630 242 2673; x_wconf 92' lang='lat' dir='ltr'>munerum</span> <span class='ocrx_word' id='word_1_176' title='bbox 266 2611 469 2675; x_wconf 92' lang='lat' dir='ltr'>distributio</span> <span class='ocrx_word' id='word_1_177' title='bbox 492 2613 615 2675; x_wconf 90' lang='lat' dir='ltr'>relicta</span> <span class='ocrx_word' id='word_1_178' title='bbox 638 2624 693 2675; x_wconf 89' lang='lat' dir='ltr'>est</span> <span class='ocrx_word' id='word_1_179' title='bbox 717 2613 971 2694; x_wconf 90' lang='lat' dir='ltr'>Benedictinis,</span> <span class='ocrx_word' id='word_1_180' title='bbox 997 2614 1135 2694; x_wconf 92' lang='lat' dir='ltr'>quibus,</span> <span class='ocrx_word' id='word_1_181' title='bbox 1160 2635 1239 2677; x_wconf 92' lang='lat' dir='ltr'>cum</span> <span class='ocrx_word' id='word_1_182' title='bbox 1258 2614 1434 2676; x_wconf 87' lang='lat' dir='ltr'>Bavarica</span> <span class='ocrx_word' id='word_1_183' title='bbox 1455 2613 1682 2694; x_wconf 89' lang='lat' dir='ltr'>monasteria,</span> <span class='ocrx_word' id='word_1_184' title='bbox 1707 2633 1768 2695; x_wconf 91' lang='lat' dir='ltr'>qua</span> 
     </span>
     <span class='ocr_line' id='line_1_19' title="bbox 60 2751 1756 2834; baseline 0.001 -21"><span class='ocrx_word' id='word_1_185' title='bbox 60 2752 94 2813; x_wconf 93' lang='lat' dir='ltr'>in</span> <span class='ocrx_word' id='word_1_186' title='bbox 119 2751 291 2814; x_wconf 90' lang='lat' dir='ltr'>societate</span> <span class='ocrx_word' id='word_1_187' title='bbox 316 2764 596 2833; x_wconf 89' lang='lat' dir='ltr'>permanserant,</span> <span class='ocrx_word' id='word_1_188' title='bbox 621 2751 798 2833; x_wconf 89' lang='lat' dir='ltr'>susceptis</span> <span class='ocrx_word' id='word_1_189' title='bbox 823 2752 858 2815; x_wconf 93' lang='lat' dir='ltr'>in</span> <span class='ocrx_word' id='word_1_190' title='bbox 883 2752 961 2834; x_wconf 91' lang='lat' dir='ltr'>ipsa</span> <span class='ocrx_word' id='word_1_191' title='bbox 984 2753 1140 2815; x_wconf 88' lang='lat' dir='ltr'>Bavaria</span> <span class='ocrx_word' id='word_1_192' title='bbox 1163 2752 1294 2815; x_wconf 87' lang='lat' dir='ltr'>scholis</span> <span class='ocrx_word' id='word_1_193' title='bbox 1319 2753 1512 2815; x_wconf 91' lang='lat' dir='ltr'>maioribus</span> <span class='ocrx_word' id='word_1_194' title='bbox 1537 2772 1639 2815; x_wconf 92' lang='lat' dir='ltr'>suum</span> <span class='ocrx_word' id='word_1_195' title='bbox 1663 2752 1756 2834; x_wconf 88' lang='lat' dir='ltr'>profe</span> 
     </span>
     <span class='ocr_line' id='line_1_20' title="bbox 59 2892 1744 2974; baseline 0.002 -22"><span class='ocrx_word' id='word_1_196' title='bbox 59 2910 176 2952; x_wconf 88' lang='lat' dir='ltr'>sorum</span> <span class='ocrx_word' id='word_1_197' title='bbox 201 2910 382 2953; x_wconf 88' lang='lat' dir='ltr'>numemm</span> <span class='ocrx_word' id='word_1_198' title='bbox 407 2910 477 2952; x_wconf 91' lang='lat' dir='ltr'>non</span> <span class='ocrx_word' id='word_1_199' title='bbox 500 2902 649 2972; x_wconf 89' lang='lat' dir='ltr'>possent</span> <span class='ocrx_word' id='word_1_200' title='bbox 672 2893 829 2974; x_wconf 87' lang='lat' dir='ltr'>explere,</span> <span class='ocrx_word' id='word_1_201' title='bbox 854 2913 924 2955; x_wconf 92' lang='lat' dir='ltr'>non</span> <span class='ocrx_word' id='word_1_202' title='bbox 948 2892 1053 2955; x_wconf 89' lang='lat' dir='ltr'>facile</span> <span class='ocrx_word' id='word_1_203' title='bbox 1076 2902 1151 2954; x_wconf 92' lang='lat' dir='ltr'>tum</span> <span class='ocrx_word' id='word_1_204' title='bbox 1175 2902 1252 2955; x_wconf 90' lang='lat' dir='ltr'>erat</span> <span class='ocrx_word' id='word_1_205' title='bbox 1276 2892 1394 2955; x_wconf 88' lang='lat' dir='ltr'>officio</span> <span class='ocrx_word' id='word_1_206' title='bbox 1418 2892 1639 2956; x_wconf 87' lang='lat' dir='ltr'>satisfacere.</span> <span class='ocrx_word' id='word_1_207' title='bbox 1672 2893 1744 2974; x_wconf 83' lang='lat' dir='ltr'>Neo</span> 
     </span>
     <span class='ocr_line' id='line_1_21' title="bbox 58 3031 1731 3113; baseline -0.001 -20"><span class='ocrx_word' id='word_1_208' title='bbox 58 3040 177 3094; x_wconf 90' lang='lat' dir='ltr'>tamen</span> <span class='ocrx_word' id='word_1_209' title='bbox 201 3051 355 3112; x_wconf 88' lang='lat' dir='ltr'>unquam</span> <span class='ocrx_word' id='word_1_210' title='bbox 379 3031 529 3112; x_wconf 88' lang='lat' dir='ltr'>penuria</span> <span class='ocrx_word' id='word_1_211' title='bbox 552 3031 733 3094; x_wconf 90' lang='lat' dir='ltr'>acciderat</span> <span class='ocrx_word' id='word_1_212' title='bbox 749 3032 1001 3113; x_wconf 89' lang='lat' dir='ltr'>professorum,</span> <span class='ocrx_word' id='word_1_213' title='bbox 1026 3052 1104 3095; x_wconf 91' lang='lat' dir='ltr'>cum</span> <span class='ocrx_word' id='word_1_214' title='bbox 1121 3031 1275 3096; x_wconf 89' lang='lat' dir='ltr'>Sueviae</span> <span class='ocrx_word' id='word_1_215' title='bbox 1293 3043 1329 3094; x_wconf 89' lang='lat' dir='ltr'>et</span> <span class='ocrx_word' id='word_1_216' title='bbox 1345 3032 1566 3095; x_wconf 86' lang='lat' dir='ltr'>Franconiae</span> <span class='ocrx_word' id='word_1_217' title='bbox 1583 3042 1731 3095; x_wconf 68' lang='lat' dir='ltr'>monast«</span> 
     </span>
     <span class='ocr_line' id='line_1_22' title="bbox 58 3169 1718 3252; baseline 0.001 -21"><span class='ocrx_word' id='word_1_218' title='bbox 58 3171 268 3252; x_wconf 89' lang='lat' dir='ltr'>supplerent</span> <span class='ocrx_word' id='word_1_219' title='bbox 292 3191 486 3234; x_wconf 91' lang='lat' dir='ltr'>numerum.</span> <span class='ocrx_word' id='word_1_220' title='bbox 532 3169 714 3232; x_wconf 91' lang='lat' dir='ltr'>Damnosa</span> <span class='ocrx_word' id='word_1_221' title='bbox 738 3170 899 3252; x_wconf 91' lang='lat' dir='ltr'>inprimis</span> <span class='ocrx_word' id='word_1_222' title='bbox 922 3181 999 3233; x_wconf 90' lang='lat' dir='ltr'>erat</span> <span class='ocrx_word' id='word_1_223' title='bbox 1022 3170 1202 3252; x_wconf 91' lang='lat' dir='ltr'>corruptio</span> <span class='ocrx_word' id='word_1_224' title='bbox 1232 3190 1366 3233; x_wconf 93' lang='lat' dir='ltr'>morum</span> <span class='ocrx_word' id='word_1_225' title='bbox 1395 3184 1473 3233; x_wconf 91' lang='lat' dir='ltr'>orta</span> <span class='ocrx_word' id='word_1_226' title='bbox 1497 3191 1544 3234; x_wconf 83' lang='lat' dir='ltr'>ex</span> <span class='ocrx_word' id='word_1_227' title='bbox 1568 3172 1718 3234; x_wconf 85' lang='lat' dir='ltr'>clandes</span> 
     </span>
     <span class='ocr_line' id='line_1_23' title="bbox 59 3304 1705 3392; baseline -0.002 -22"><span class='ocrx_word' id='word_1_228' title='bbox 59 3308 248 3390; x_wconf 76' lang='lat' dir='ltr'>sodaliciiS,</span> <span class='ocrx_word' id='word_1_229' title='bbox 274 3309 308 3372; x_wconf 95' lang='lat' dir='ltr'>in</span> <span class='ocrx_word' id='word_1_230' title='bbox 333 3304 462 3391; x_wconf 90' lang='lat' dir='ltr'>quibus</span> <span class='ocrx_word' id='word_1_231' title='bbox 485 3322 681 3392; x_wconf 89' lang='lat' dir='ltr'>praecepta</span> <span class='ocrx_word' id='word_1_232' title='bbox 704 3309 960 3390; x_wconf 89' lang='lat' dir='ltr'>philosophica,</span> <span class='ocrx_word' id='word_1_233' title='bbox 985 3330 1076 3391; x_wconf 89' lang='lat' dir='ltr'>quae</span> <span class='ocrx_word' id='word_1_234' title='bbox 1099 3310 1190 3372; x_wconf 89' lang='lat' dir='ltr'>falso</span> <span class='ocrx_word' id='word_1_235' title='bbox 1214 3321 1359 3392; x_wconf 91' lang='lat' dir='ltr'>vocant,</span> <span class='ocrx_word' id='word_1_236' title='bbox 1383 3311 1600 3373; x_wconf 85' lang='lat' dir='ltr'>Francorum</span> <span class='ocrx_word' id='word_1_237' title='bbox 1625 3310 1705 3373; x_wconf 79' lang='lat' dir='ltr'>Volt</span> 
     </span>
     <span class='ocr_line' id='line_1_24' title="bbox 57 3447 1691 3532; baseline 0.001 -23"><span class='ocrx_word' id='word_1_238' title='bbox 57 3447 218 3528; x_wconf 90' lang='lat' dir='ltr'>Diderot,</span> <span class='ocrx_word' id='word_1_239' title='bbox 243 3449 436 3512; x_wconf 89' lang='lat' dir='ltr'>Rousseau</span> <span class='ocrx_word' id='word_1_240' title='bbox 460 3459 527 3512; x_wconf 84' lang='lat' dir='ltr'>etc.</span> <span class='ocrx_word' id='word_1_241' title='bbox 552 3448 735 3531; x_wconf 86' lang='lat' dir='ltr'>vigebant.</span> <span class='ocrx_word' id='word_1_242' title='bbox 783 3449 835 3512; x_wconf 87' lang='lat' dir='ltr'>Ea</span> <span class='ocrx_word' id='word_1_243' title='bbox 858 3449 1029 3511; x_wconf 89' lang='lat' dir='ltr'>sodalicia</span> <span class='ocrx_word' id='word_1_244' title='bbox 1051 3461 1125 3511; x_wconf 92' lang='lat' dir='ltr'>tum</span> <span class='ocrx_word' id='word_1_245' title='bbox 1149 3450 1221 3512; x_wconf 92' lang='lat' dir='ltr'>late</span> <span class='ocrx_word' id='word_1_246' title='bbox 1251 3449 1452 3532; x_wconf 89' lang='lat' dir='ltr'>gliscebant</span> <span class='ocrx_word' id='word_1_247' title='bbox 1481 3470 1597 3531; x_wconf 88' lang='lat' dir='ltr'>neque</span> <span class='ocrx_word' id='word_1_248' title='bbox 1627 3449 1691 3511; x_wconf 92' lang='lat' dir='ltr'>uni·</span> 
     </span>
     <span class='ocr_line' id='line_1_25' title="bbox 57 3585 1665 3671; baseline 0.002 -24"><span class='ocrx_word' id='word_1_249' title='bbox 57 3597 168 3648; x_wconf 90' lang='lat' dir='ltr'>tatem</span> <span class='ocrx_word' id='word_1_250' title='bbox 185 3585 496 3670; x_wconf 88' lang='lat' dir='ltr'>Salisburgensem</span> <span class='ocrx_word' id='word_1_251' title='bbox 520 3587 695 3671; x_wconf 90' lang='lat' dir='ltr'>integram</span> <span class='ocrx_word' id='word_1_252' title='bbox 712 3590 960 3670; x_wconf 92' lang='lat' dir='ltr'>relinquebant</span> <span class='ocrx_word' id='word_1_253' title='bbox 976 3591 1008 3669; x_wconf 87' lang='lat'>¹).</span> <span class='ocrx_word' id='word_1_254' title='bbox 1056 3588 1189 3650; x_wconf 90' lang='lat' dir='ltr'>Eadem</span> <span class='ocrx_word' id='word_1_255' title='bbox 1207 3608 1315 3651; x_wconf 87' lang='lat' dir='ltr'>causa</span> <span class='ocrx_word' id='word_1_256' title='bbox 1331 3589 1464 3651; x_wconf 89' lang='lat' dir='ltr'>factum</span> <span class='ocrx_word' id='word_1_257' title='bbox 1484 3601 1549 3669; x_wconf 90' lang='lat' dir='ltr'>est,</span> <span class='ocrx_word' id='word_1_258' title='bbox 1574 3600 1613 3650; x_wconf 91' lang='lat' dir='ltr'>ut</span> <span class='ocrx_word' id='word_1_259' title='bbox 1629 3588 1665 3651; x_wconf 96' lang='lat' dir='ltr'>in</span> 
     </span>
     <span class='ocr_line' id='line_1_26' title="bbox 58 3727 1665 3809; baseline 0.001 -22"><span class='ocrx_word' id='word_1_260' title='bbox 58 3744 166 3789; x_wconf 91' lang='lat' dir='ltr'>verae</span> <span class='ocrx_word' id='word_1_261' title='bbox 180 3727 365 3789; x_wconf 89' lang='lat' dir='ltr'>doctrinae</span> <span class='ocrx_word' id='word_1_262' title='bbox 382 3728 592 3789; x_wconf 88' lang='lat' dir='ltr'>succederet</span> <span class='ocrx_word' id='word_1_263' title='bbox 608 3728 736 3790; x_wconf 92' lang='lat' dir='ltr'>mentis</span> <span class='ocrx_word' id='word_1_264' title='bbox 753 3729 927 3809; x_wconf 89' lang='lat' dir='ltr'>quaedam</span> <span class='ocrx_word' id='word_1_265' title='bbox 947 3728 1167 3808; x_wconf 89' lang='lat' dir='ltr'>exercitatio,</span> <span class='ocrx_word' id='word_1_266' title='bbox 1185 3738 1221 3790; x_wconf 90' lang='lat' dir='ltr'>et</span> <span class='ocrx_word' id='word_1_267' title='bbox 1237 3729 1400 3809; x_wconf 90' lang='lat' dir='ltr'>prolege</span> <span class='ocrx_word' id='word_1_268' title='bbox 1418 3728 1540 3807; x_wconf 84' lang='lat' dir='ltr'>divina</span> <span class='ocrx_word' id='word_1_269' title='bbox 1558 3727 1665 3789; x_wconf 73' lang='lat' dir='ltr'>domii</span> 
     </span>
     <span class='ocr_line' id='line_1_27' title="bbox 59 3867 336 3929; baseline 0.007 -3"><span class='ocrx_word' id='word_1_270' title='bbox 59 3867 150 3929; x_wconf 89' lang='lat' dir='ltr'>ratio</span> <span class='ocrx_word' id='word_1_271' title='bbox 174 3867 336 3929; x_wconf 88' lang='lat' dir='ltr'>humana.</span> 
     </span>
    </p>

    <p class='ocr_par' dir='ltr' id='par_1_7' title="bbox 59 4004 1639 4502">
     <span class='ocr_line' id='line_1_28' title="bbox 190 4004 1639 4088; baseline -0.001 -20"><span class='ocrx_word' id='word_1_272' title='bbox 190 4006 244 4068; x_wconf 89' lang='lat' dir='ltr'>Ita</span> <span class='ocrx_word' id='word_1_273' title='bbox 275 4026 354 4068; x_wconf 92' lang='lat' dir='ltr'>cum</span> <span class='ocrx_word' id='word_1_274' title='bbox 385 4005 618 4069; x_wconf 88' lang='lat' dir='ltr'>fundamenta</span> <span class='ocrx_word' id='word_1_275' title='bbox 641 4007 719 4087; x_wconf 91' lang='lat' dir='ltr'>ipsa</span> <span class='ocrx_word' id='word_1_276' title='bbox 743 4026 870 4069; x_wconf 88' lang='lat' dir='ltr'>eversa</span> <span class='ocrx_word' id='word_1_277' title='bbox 893 4017 1031 4086; x_wconf 90' lang='lat' dir='ltr'>essent,</span> <span class='ocrx_word' id='word_1_278' title='bbox 1063 4007 1188 4068; x_wconf 92' lang='lat' dir='ltr'>domus</span> <span class='ocrx_word' id='word_1_279' title='bbox 1209 4004 1423 4088; x_wconf 87' lang='lat' dir='ltr'>perantiqua</span> <span class='ocrx_word' id='word_1_280' title='bbox 1447 4005 1639 4067; x_wconf 72' lang='lat' dir='ltr'>concidit&lt;</span> 
     </span>
     <span class='ocr_line' id='line_1_29' title="bbox 59 4142 1628 4224; baseline -0.001 -20"><span class='ocrx_word' id='word_1_281' title='bbox 59 4163 143 4205; x_wconf 83' lang='lat' dir='ltr'>mox</span> <span class='ocrx_word' id='word_1_282' title='bbox 167 4155 289 4206; x_wconf 90' lang='lat' dir='ltr'>secuta</span> <span class='ocrx_word' id='word_1_283' title='bbox 314 4156 379 4224; x_wconf 88' lang='lat' dir='ltr'>est,</span> <span class='ocrx_word' id='word_1_284' title='bbox 403 4143 608 4208; x_wconf 89' lang='lat' dir='ltr'>offensione.</span> <span class='ocrx_word' id='word_1_285' title='bbox 655 4145 722 4207; x_wconf 94' lang='lat' dir='ltr'>Die</span> <span class='ocrx_word' id='word_1_286' title='bbox 751 4145 843 4207; x_wconf 91' lang='lat' dir='ltr'>enim</span> <span class='ocrx_word' id='word_1_287' title='bbox 874 4166 924 4222; x_wconf 75' lang='lat'>24.</span> <span class='ocrx_word' id='word_1_288' title='bbox 949 4146 1034 4207; x_wconf 87' lang='lat' dir='ltr'>Dec.</span> <span class='ocrx_word' id='word_1_289' title='bbox 1065 4149 1145 4207; x_wconf 89' lang='lat'>1810</span> <span class='ocrx_word' id='word_1_290' title='bbox 1174 4164 1238 4206; x_wconf 82' lang='lat' dir='ltr'>rex</span> <span class='ocrx_word' id='word_1_291' title='bbox 1267 4142 1444 4205; x_wconf 88' lang='lat' dir='ltr'>Bavariae</span> <span class='ocrx_word' id='word_1_292' title='bbox 1469 4142 1628 4204; x_wconf 66' lang='lat' dir='ltr'>Maximi?</span> 
     </span>
     <span class='ocr_line' id='line_1_30' title="bbox 60 4280 1613 4364; baseline -0.001 -23"><span class='ocrx_word' id='word_1_293' title='bbox 60 4280 95 4342; x_wconf 90' lang='lat' dir='ltr'>in</span> <span class='ocrx_word' id='word_1_294' title='bbox 114 4281 212 4343; x_wconf 92' lang='lat' dir='ltr'>cuius</span> <span class='ocrx_word' id='word_1_295' title='bbox 228 4292 446 4363; x_wconf 89' lang='lat' dir='ltr'>potestatem</span> <span class='ocrx_word' id='word_1_296' title='bbox 462 4284 612 4346; x_wconf 89' lang='lat' dir='ltr'>ducatus</span> <span class='ocrx_word' id='word_1_297' title='bbox 630 4281 914 4364; x_wconf 77' lang='lat' dir='ltr'>salisburgensis</span> <span class='ocrx_word' id='word_1_298' title='bbox 931 4302 977 4345; x_wconf 84' lang='lat' dir='ltr'>ex</span> <span class='ocrx_word' id='word_1_299' title='bbox 993 4302 1109 4344; x_wconf 91' lang='lat' dir='ltr'>rerum</span> <span class='ocrx_word' id='word_1_300' title='bbox 1126 4282 1348 4363; x_wconf 87' lang='lat' dir='ltr'>publicarum</span> <span class='ocrx_word' id='word_1_301' title='bbox 1365 4281 1613 4343; x_wconf 72' lang='lat' dir='ltr'>mutationibus</span> 
     </span>
     <span class='ocr_line' id='line_1_31' title="bbox 59 4419 1599 4502; baseline 0 -22"><span class='ocrx_word' id='word_1_302' title='bbox 59 4420 189 4481; x_wconf 88' lang='lat' dir='ltr'>rectori</span> <span class='ocrx_word' id='word_1_303' title='bbox 213 4420 418 4501; x_wconf 91' lang='lat' dir='ltr'>paucisque,</span> <span class='ocrx_word' id='word_1_304' title='bbox 444 4420 504 4502; x_wconf 92' lang='lat' dir='ltr'>qui</span> <span class='ocrx_word' id='word_1_305' title='bbox 526 4432 600 4483; x_wconf 88' lang='lat' dir='ltr'>turn</span> <span class='ocrx_word' id='word_1_306' title='bbox 618 4432 728 4500; x_wconf 89' lang='lat' dir='ltr'>erant,</span> <span class='ocrx_word' id='word_1_307' title='bbox 751 4419 1013 4500; x_wconf 87' lang='lat' dir='ltr'>professoribus</span> <span class='ocrx_word' id='word_1_308' title='bbox 1030 4420 1253 4483; x_wconf 89' lang='lat' dir='ltr'>denuntiavit</span> <span class='ocrx_word' id='word_1_309' title='bbox 1269 4422 1383 4483; x_wconf 90' lang='lat' dir='ltr'>almae</span> <span class='ocrx_word' id='word_1_310' title='bbox 1399 4420 1521 4482; x_wconf 88' lang='lat' dir='ltr'>matris</span> <span class='ocrx_word' id='word_1_311' title='bbox 1538 4420 1599 4482; x_wconf 73' lang='lat' dir='ltr'>Ber</span> 
     </span>
    </p>
   </div>
   <div class='ocr_carea' id='block_1_6' title="bbox 256 4557 1583 4639">
    <p class='ocr_par' dir='ltr' id='par_1_8' title="bbox 256 4557 1583 4639">
     <span class='ocr_line' id='line_1_32' title="bbox 256 4557 1583 4639; baseline 0.002 -23"><span class='ocrx_word' id='word_1_312' title='bbox 256 4561 450 4639; x_wconf 56' lang='lat' dir='ltr'>&#39;⁴⁴m11m2).</span> <span class='ocrx_word' id='word_1_313' title='bbox 497 4560 641 4622; x_wconf 88' lang='lat' dir='ltr'>Relicta</span> <span class='ocrx_word' id='word_1_314' title='bbox 666 4570 721 4620; x_wconf 92' lang='lat' dir='ltr'>est</span> <span class='ocrx_word' id='word_1_315' title='bbox 744 4558 945 4639; x_wconf 86' lang='lat' dir='ltr'>theologica</span> <span class='ocrx_word' id='word_1_316' title='bbox 973 4557 1141 4639; x_wconf 89' lang='lat' dir='ltr'>facultas,</span> <span class='ocrx_word' id='word_1_317' title='bbox 1171 4579 1277 4639; x_wconf 90' lang='lat' dir='ltr'>quam</span> <span class='ocrx_word' id='word_1_318' title='bbox 1301 4558 1524 4621; x_wconf 88' lang='lat' dir='ltr'>Benedictini</span> <span class='ocrx_word' id='word_1_319' title='bbox 1555 4579 1583 4619; x_wconf 76' lang='lat' dir='ltr'>st</span> 
     </span>
    </p>
   </div>
   <div class='ocr_carea' id='block_1_7' title="bbox 0 0 2022 6260">
    <p class='ocr_par' dir='ltr' id='par_1_9' title="bbox 0 0 2022 6260">
     <span class='ocr_line' id='line_1_33' title="bbox 0 0 2022 6260; baseline 0 0"><span class='ocrx_word' id='word_1_320' title='bbox 0 0 2022 6260; x_wconf 95' lang='lat' dir='ltr'> </span> 
     </span>
    </p>
   </div>
  </div>
 </body>
</html>
