4088 6270
888 454 1174 546 *458-

155 685 212 742 per
232 683 327 721 annos
348 658 513 720 bellicosos
540 660 773 741 1796—1801.)
795 661 837 719 8⁰.
859 663 989 732 Bulsani,

163 774 241 847 typis
257 769 378 827 Eberle.
401 783 459 841 154
477 789 505 844 p.

243 875 280 930 11.
298 873 433 930 Chronik
450 873 632 940 vonMeran,
646 873 699 929 der
711 873 791 929 alten
807 871 991 949 Hauptstadt

160 979 214 1034 des
231 978 351 1034 Landes
368 976 465 1033 Tirol.
487 974 516 1054 (i.
536 995 561 1032 e.
580 977 752 1033 Chronicon
769 976 872 1054 oppidi
889 978 988 1033 Mera·

157 1085 258 1139 nensis
275 1084 391 1158 pristini
410 1081 542 1138 Teriolis
559 1079 688 1160 capitis.)
706 1081 748 1138 8⁰.
765 1083 890 1148 Merani,
908 1080 988 1156 apud

157 1189 193 1244 C.
208 1187 305 1263 Jandl.
324 1185 384 1259 287
403 1206 431 1262 p.

243 1292 296 1347 III.
314 1290 449 1347 Chronik
465 1309 524 1347 von
536 1292 650 1346 Meran.
668 1292 782 1346 Zweite
799 1289 990 1346 verbesserte

158 1394 314 1470 Ausgabe.
343 1392 372 1470 (i.
397 1413 423 1450 e.
449 1395 622 1451 Chronicon
651 1394 754 1470 oppidi
783 1390 990 1470 Meranensis)

158 1501 199 1557 Ut
215 1519 316 1575 supra.
342 1500 444 1555 Editio
468 1499 562 1554 altera
587 1513 616 1554 et
637 1498 803 1554 emendata.
829 1497 871 1554 8⁰.
897 1498 990 1555 Oeni-

160 1606 255 1682 ponti‚
273 1602 441 1679 sumptibus
458 1602 524 1659 libr.
542 1603 688 1676 Wagner.
711 1601 801 1676 1867.

246 1709 295 1765 IV.
327 1707 513 1764 Geschichte
546 1677 599 1763 der
630 1706 717 1763 Stadt
743 1707 847 1763 Meran
879 1707 907 1761 in
938 1706 992 1761 der

158 1814 364 1870 neuerenZeit
377 1812 598 1885 1400-1872.
611 1809 641 1890 (i.
650 1832 674 1868 e.
684 1812 795 1888 Oppidi
806 1812 992 1867 bleranensis

158 1919 283 1974 historia
305 1929 403 1972 aetate
421 1917 581 1972 recentiori
604 1912 836 1992 1490-1872.)
862 1913 904 1971 8⁰.
928 1915 992 1970 Me·

158 2026 233 2090 rani,
252 2023 332 2097 typis
348 2022 371 2076 I.
388 2021 421 2076 B.
440 2018 661 2076 Stockhausen.
680 2035 743 2093 290
759 2039 788 2095 p.

247 2127 282 2182 V.
300 2124 473 2181 Sandwirth
490 2123 626 2180 Andreas
643 2125 749 2180 Hofer.
767 2121 795 2201 (i.
810 2143 836 2179 e.
854 2122 992 2178 Andreas

159 2231 272 2299 Hofer,
297 2229 411 2286 dictus:
436 2226 631 2306 Sandwirth.)
659 2227 700 2285 8⁰.
730 2226 888 2301 Friburgi,
913 2228 992 2301 typis

159 2335 286 2391 Herder.
309 2333 399 2405 1874.
419 2331 479 2404 248
498 2351 527 2407 p.

245 2439 296 2495 VI.
317 2438 467 2511 Monsign.
485 2437 586 2492 Anton
603 2434 743 2503 Santncr‚
761 2436 865 2491 Decan
882 2455 910 2491 1.
927 2436 991 2491 Me·

158 2563 221 2600 ran.
239 2544 296 2599 Ein
313 2538 510 2597 Lebensbild.
527 2536 556 2616 (i.
572 2559 598 2595 e.
616 2540 685 2596 Vita
702 2558 764 2596 rev.
777 2539 856 2596 dom.
868 2540 990 2596 Antonii

159 2647 298 2713 Santner,
325 2646 430 2701 decani
447 2641 656 2721 Meranensis.)
681 2643 723 2700 8⁰.
746 2645 870 2711 Merani,
899 2641 989 2716 1878.

160 2752 277 2826 Sumpt.
294 2751 437 2806 auctoris.
460 2763 515 2820 132
535 2768 565 2823 p.

246 2857 311 2912 VII.
329 2855 468 2910 Mehrere
485 2853 620 2909 kleinere
637 2853 828 2909 Broschtiren
845 2852 904 2908 und
916 2850 991 2906 Aus-

159 2967 242 3016 satze
267 2959 470 3014 historischen
496 2958 554 3012 und
578 2957 921 3031 naturgeschichtlichen
944 2957 990 3011 111-

162 3065 266 3120 haltes.
294 3061 324 3139 li.
346 3082 371 3119 e.
395 3065 557 3118 Praeterea
578 3065 699 3138 scripsit
721 3061 824 3137 plures
846 3072 991 3116 tractatus

164 3189 200 3224 ex
218 3169 323 3224 histor.
341 3181 401 3223 tum
421 3168 579 3223 universali
597 3180 657 3222 turn
675 3163 824 3244 naturali.)

248 3333 402 3406 Stanke
432 3344 620 3405 Leander
643 3343 849 3424 Iosephus
877 3343 990 3421 (des

160 3461 643 3542 MontePannoniae)‚aa.
655 3461 688 3523 11.
699 3459 991 3542 etphilosophiae

160 3588 294 3664 doctor,
311 3582 492 3645 facultatis
505 3584 588 3664 phil.
606 3584 640 3645 in
654 3583 754 3665 regia
767 3584 860 3645 1111111.
876 3583 992 3645 Pesti-

158 3706 259 3768 nensi
284 3705 510 3787 collegiatus,
528 3705 688 3766 Viennae
711 3706 746 3766 in
763 3705 911 3767 Austria
934 3704 991 3766 die

162 3835 208 3890 10.
227 3826 327 3908 Sept.
350 3833 431 3889 1800
452 3836 567 3908 natus,
594 3827 651 3888 die
678 3831 728 3888 25.
753 3825 832 3888 Oct.
859 3830 936 3905 1817
963 3847 990 3889 s

158 3950 282 4012 habitu
299 3950 453 4029 indutus
472 3959 556 4010 vota
573 3948 759 4010 sollemnia
776 3948 833 4009 die
850 3952 896 4009 ro.
912 3946 990 4010 Oct.

164 4078 239 4134 1821
261 4072 377 4133 emisit
394 4081 429 4132 et
447 4070 620 4144 absolutis
635 4070 671 4131 in
688 4071 782 4132 univ.
795 4069 991 4131 Viennensi

159 4215 185 4258 s
203 4194 406 4276 theologiae
424 4192 550 4255 studiis
567 4192 624 4253 die
641 4197 670 4254 3.
688 4190 788 4273 Sept.
811 4196 888 4253 1825
912 4211 990 4273 pre-

159 4320 282 4398 sbyter
298 4316 483 4378 ordinatus
500 4325 564 4376 est.
589 4314 644 4375 Ex
663 4333 732 4394 quo
754 4325 914 4396 tempore
930 4334 992 4374 va-

158 4438 218 4499 riis
243 4437 369 4499 officiis
390 4437 531 4517 egregie
556 4435 679 4516 gestis,
703 4436 754 4496 uti
778 4435 991 4516 professoris

160 4581 279 4643 gymn.
301 4560 516 4622 laurinensis
542 4562 720 4638 1825—29,
744 4557 992 4638 philosophiae

160 4681 373 4763 professoris
387 4681 519 4741 ibidem
537 4681 632 4760 apud
646 4680 806 4741 alumnos
823 4701 849 4741 s.
860 4679 992 4741 ordinis

163 4809 346 4884 1829—34‚
375 4802 409 4863 in
436 4803 619 4864 academia
645 4801 773 4863 Iaurin.
805 4806 992 4884 1834-49,

158 4927 225 4987 hoc
254 4945 345 4987 anno
375 4924 558 5006 professor
587 4925 659 4985 ord.
688 4944 721 5004 p.
747 4923 993 5005 philosophiae

161 5048 195 5108 in
219 5046 319 5128 regia
344 5047 437 5108 univ.
461 5046 662 5108 Pestinensi
683 5046 892 5127 nominatus
914 5067 994 5127 per·

159 5167 268 5229 missu
295 5167 538 5229 archiabbatis
563 5168 747 5228 Pestinum
773 5187 811 5229 se
836 5169 992 5249 contulit,

159 5291 279 5371 ibique
305 5291 361 5352 die
391 5296 440 5353 28.
472 5291 559 5371 Apr.
591 5294 669 5381 1855
696 5290 754 5372 pie
783 5291 817 5352 in
841 5290 994 5352 Domino

93 5471 95 5474 .
160 5412 382 5476 obdormivit.

1157 657 1437 722 Accuratissime
1451 679 1493 721 ac
1507 657 1782 741 diligentissime
1793 660 1880 743 scrip-

1070 780 1116 842 sit
1129 803 1136 842 :

1156 906 1179 961 1.
1195 905 1411 982 Compendium
1425 906 1571 962 historiae
1584 906 1794 982 philosophiae
1801 907 1881 963 Lean·

1070 1010 1115 1066 dri
1139 1009 1265 1066 Stanke.
1289 1012 1438 1078 Viennae,
1468 1009 1559 1084 1841.
1584 1011 1741 1085 Congreg.
1764 1013 1881 1070 Mechith.

1072 1113 1115 1171 8⁰.
1135 1130 1151 1170 2
1236 1158 1242 1170 .

1154 1128 1194 1275 lls.
1212 1134 1421 1275 libolcsc'szet
1434 1220 1676 1276 tortenelmenek
1689 1220 1813 1277 vaizlata.
1828 1218 1853 1298 (i.
1863 1240 1881 1278 e.

1071 1322 1289 1397 Compendium
1303 1324 1446 1379 historiae
1457 1321 1696 1403 philosophiae.)
1716 1325 1839 1380 Manusc.
1850 1332 1880 1397 4⁰.

1071 1442 1134 1499 420
1145 1447 1174 1501 p.
1192 1427 1321 1483 Adserv.
1337 1430 1364 1483 in
1377 1425 1563 1485 bibliotheca
1572 1429 1700 1485 centrali
1713 1432 1743 1485 in
1754 1448 1777 1485 s.
1792 1443 1880 1486 monte

1157 1551 1208 1607 111.
1227 1550 1406 1624 Gyakorlati
1423 1549 1604 1608 bolcseszet.
1622 1548 1652 1629 (i.
1667 1570 1694 1608 e.
1711 1552 1879 1627 Philosophia

1072 1652 1229 1733 practica.)
1254 1654 1297 1711 8⁰.
1321 1670 1338 1727 3
1362 1668 1382 1715 t.
1408 1670 1468 1729 975
1486 1658 1521 1727 «7-
1540 1670 1624 1728 1304
1644 1658 1680 1724 ‹l-
1697 1670 1779 1728 2040
1793 1675 1818 1731 p.
1838 1656 1879 1711 111.

1074 1757 1147 1816 Ads.
1166 1758 1236 1815 ibid.

1159 1865 1208 1920 IV.
1219 1863 1397 1919 Praktische
1407 1863 1612 1938 Philosophie.
1630 1859 1660 1940 (i.
1675 1883 1702 1920 e.
1715 1864 1880 1940 Philosophia

1072 1965 1228 2045 practica.)
1245 1967 1288 2025 8⁰.
1310 1983 1390 2040 1144
1407 1987 1436 2044 p.
1454 1968 1510 2023 Ms.
1528 1967 1604 2024 Ads.
1623 1966 1696 2025 ibid.

1159 2092 1195 2147 V.
1213 2090 1423 2164 Angewandte
1439 2091 1644 2166 Metaphysik.
1663 2087 1694 2168 (i.
1707 2110 1733 2147 e.
1750 2090 1879 2166 1111117117-

1072 2191 1158 2271 sica.)
1175 2194 1216 2252 8⁰.
1239 2210 1316 2250 1112
1336 2214 1365 2270 p.
1383 2195 1439 2250 Ms.
1457 2194 1531 2251 Ads.
1550 2192 1622 2251 ibid.

1159 2317 1211 2373 VI.
1224 2316 1428 2391 Philosophie.
1444 2311 1474 2393 (i.
1484 2335 1510 2372 e.
1520 2312 1740 2393 Philosophia.)
1748 2322 1788 2389 4⁰.
1800 2314 1851 2388 348
1858 2335 1879 2391 p.

1072 2423 1128 2478 Ms.
1146 2421 1219 2477 Ads.
1236 2419 1306 2476 ibid.

1157 2526 1224 2582 VII.
1253 2524 1438 2581 Geschichte
1465 2524 1520 2580 der
1548 2524 1746 2600 Philosophie
1771 2523 1878 2581 beiden

1070 2629 1219 2687 Arabern.
1230 2626 1259 2706 (i.
1270 2649 1296 2685 c.
1307 2630 1443 2685 Historia
1452 2628 1669 2704 philosophiae
1677 2628 1756 2705 apud
1764 2623 1879 2700 Arabes.)

1071 2741 1114 2807 4⁰.
1137 2733 1195 2806 156
1212 2753 1241 2809 p.
1259 2735 1315 2789 Ms.
1332 2732 1407 2789 Ads.
1424 2732 1495 2789 ibid.

1158 2838 1238 2895 VIII.
1260 2836 1652 2910 Ersahrungsseelenlehre.
1678 2833 1708 2915 (i.
1725 2856 1752 2894 e.
1772 2837 1879 2912 Psycha-

1071 2944 1154 3018 logia
1171 2939 1335 3019 empirica.)
1352 2948 1395 3013 4⁰.
1416 2940 1454 3015 78
1472 2959 1502 3015 p.
1520 2942 1577 2997 Ms.
1595 2941 1670 2998 Ads.
1689 2941 1759 2998 ibid.

1159 3065 1210 3121 IX.
1228 3060 1361 3120 Herbart
1376 3062 1468 3138 Janos
1485 3062 1616 3119 Fridrik.
1639 3059 1670 3140 (i.
1687 3082 1714 3120 e.
1731 3063 1777 3119 De
1791 3063 1878 3119 Ioanne

1073 3171 1121 3226 Fr.
1141 3165 1295 3245 Herbart.)
1311 3174 1354 3240 4⁰.
1372 3181 1413 3240 39
1430 3185 1459 3242 p.
1476 3167 1533 3223 Ms.
1549 3166 1625 3223 Ads.
1644 3165 1716 3223 ibid.

1159 3333 1878 3426 StarchBernardus(Admontensis).

1073 3460 1272 3544 Salisburgi
1296 3470 1401 3524 natus
1425 3484 1454 3539 4.
1477 3461 1568 3525 Nov.
1597 3464 1698 3544 1698,
1724 3473 1803 3524 vota
1822 3460 1879 3522 Ad-

1072 3594 1211 3646 montes
1234 3583 1417 3665 professus
1439 3605 1488 3661 24.
1513 3581 1614 3665 Sept.
1642 3603 1734 3665 1722,
1758 3584 1878 3665 primam

1071 3706 1150 3769 Deo
1171 3706 1302 3769 obtulit
1320 3707 1472 3769 hostiam
1496 3711 1525 3770 8.
1543 3705 1646 3787 Sept.
1674 3712 1762 3786 1723.
1784 3705 1878 3768 Primo

1072 3828 1254 3911 professor
1268 3828 1451 3890 studiosae
1468 3828 1667 3890 iuventutis
1684 3828 1877 3903 constitutus,

1072 3951 1154 4013 dein
1176 3950 1299 4012 vicarii
1324 3950 1359 4012 in
1383 3950 1467 4011 Hall
1493 3954 1674 4033 1725—29,
1699 3943 1877 4012 confessarii

1071 4074 1107 4135 in
1130 4073 1254 4134 Monte
1277 4071 1456 4134 Culmensi
1481 4077 1662 4153 1729—30,
1687 4083 1723 4135 et
1745 4065 1876 4152 magistri

1071 4195 1283 4257 novitiorum
1304 4200 1470 4273 1731-34
1498 4214 1644 4256 munere
1668 4193 1811 4272 functus,
1830 4208 1875 4270 pa·

1071 4318 1199 4379 rochus
1220 4318 1266 4377 ad
1288 4337 1314 4380 s.
1332 4315 1544 4378 Michaelem
1567 4316 1709 4379 transiit
1729 4315 1873 4394 1734—30,

1072 4443 1294 4517 et1736—48
1317 4436 1473 4518 supremi
1494 4437 1529 4499 in
1553 4440 1772 4518 parthenone
1790 4433 1873 4497 Gnes-

1072 4561 1168 4623 sensi
1186 4560 1362 4642 dignitate
1378 4560 1568 4643 insignitus
1585 4572 1672 4624 erat.
1699 4561 1796 4622 Anno
1814 4555 1871 4632 1718

1072 4684 1251 4764 parochus
1275 4692 1310 4745 et
1335 4681 1497 4763 superior
1520 4682 1556 4744 in
1580 4683 1704 4745 Monte
1727 4672 1870 4744 Culmensi

1073 4805 1322 4866 denominatus
1336 4823 1472 4866 summo
1482 4824 1562 4866 cum
1569 4803 1688 4866 fructu
1700 4803 1735 4864 in
1746 4803 1803 4863 hac
1813 4813 1868 4878 pro

1073 4927 1190 4988 vincia
1212 4926 1389 4988 laboravit
1413 4936 1449 4987 et
1473 4931 1503 4989 8.
1520 4924 1622 5008 Sept.
1643 4931 1721 5005 1775
1742 4915 1866 4984 secundi·
1917 4972 1919 4999 2

1074 5049 1142 5111 tias
1161 5048 1355 5110 celebravit
1377 5048 1582 5118 sollemnes;
1609 5058 1665 5109 ast
1687 5047 1827 5128 hydrope
1841 5046 1863 5096 et

1033 5244 1036 5267 Ι
1074 5191 1260 5252 gangrena
1287 5171 1454 5231 laborans
1483 5170 1625 5231 domurn
1655 5172 1731 5248 1775
1756 5156 1861 5244 repetiit

1075 5302 1110 5354 et
1127 5298 1174 5355 13.
1189 5290 1289 5373 Sept.
1307 5296 1386 5371 1778
1401 5291 1543 5373 placide
1556 5291 1591 5353 in
1604 5289 1750 5353 Domino
1762 5277 1860 5367 quierit

1074 5412 1258 5495 professus
1274 5423 1310 5475 et
1327 5414 1494 5476 sacerdos
1510 5413 1696 5476 iubilaeus.
