4034 6262
764 486 1048 569 -267-

114 711 162 752 tm
180 708 208 752 et
223 695 385 761 Electram
402 695 431 759 c)
446 705 508 749 tres
520 691 735 748 Demosthenis
751 692 865 748 oratio·

114 799 233 875 lynth.;
248 799 281 874 d)
295 798 419 855 Homeri
440 796 500 854 Od.
514 810 555 853 20
568 809 599 853 et
615 811 670 864 223
691 797 719 870 e)
730 795 864 853 Platonis

114 922 170 973 na,
187 917 216 961 et
231 903 298 960 alia.
315 903 371 959 Ms.

115 1044 171 1102 [v.
187 1042 329 1102 Erzabtei
341 1039 548 1117 Martinsberg
563 1043 593 1098 in
607 1041 730 1116 Ungarn
742 1043 795 1098 mit
805 1041 864 1098 den

115 1150 291 1227 geborigen
302 1147 433 1205 Abteien
450 1145 637 1222 Bakonybeh
655 1145 788 1203 deollr
804 1146 864 1202 und

116 1273 161 1330 ty.
175 1251 205 1332 (i.
215 1272 241 1311 e.
256 1253 361 1311 Brevis
374 1254 501 1310 historia
509 1249 737 1309 archiabbatiae
750 1270 774 1308 s.
783 1251 864 1307 Mar·

116 1376 132 1416 e
152 1379 177 1417 s.
194 1359 297 1416 Monte
309 1358 483 1414 Pannoniae
500 1370 531 1414 et
543 1353 734 1413 abbatiarum
746 1352 785 1412 ad
797 1373 863 1412 eam

117 1460 264 1542 rentium.)
291 1462 325 1518 In
349 1460 426 1519 libro
449 1461 503 1519 Dr.
528 1458 601 1519 Seb.
628 1461 782 1519 Brunner:
806 1460 864 1516 Ein

117 1564 330 1625 lictinerbuch.
356 1564 538 1640 Wtirzburg.
560 1563 677 1623 Wocrl.
704 1561 795 1621 1880.
821 1563 863 1621 8⁰.

117 1671 262 1746 8—255.

118 1853 864 1950 Lajhcorbinianus(Admontensis),

119 2002 151 2046 ,ο
168 2003 194 2047 s.
210 1982 430 2067 Margaritae
446 2001 559 2065 prope
572 1981 778 2045 Pettovium
794 1980 864 2045 Sti·

119 2104 297 2168 inferioris
312 2103 482 2167 oriundus
499 2107 550 2168 28.
566 2102 671 2166 Febr.
694 2107 776 2181 1840
791 2112 865 2166 stu·

120 2245 137 2288 1
156 2226 345 2311 gymnasio
360 2225 613 2309 Marburgensi
630 2244 767 2288 summa
783 2243 863 2287 curn

121 2367 131 2409 1
152 2350 344 2413 absolvens
356 2348 556 2410 Admontes
569 2346 679 2429 venit,
696 2357 733 2410 et
745 2345 863 2429 primi-

122 2517 132 2533 .
155 2470 254 2553 Sept.
276 2475 356 2534 1866
373 2469 563 2534 celebratis
580 2470 722 2531 demum
743 2468 789 2530 ad
809 2487 863 2530 re·

122 2609 195 2657 sam
207 2591 466 2676 professionem
479 2591 658 2655 admissus
670 2601 726 2654 est
742 2594 789 2653 18.
798 2591 861 2654 Iul.

140 2715 262 2779 Primo
278 2716 325 2778 ad
342 2715 586 2799 magisterium
605 2724 763 2797 vocatus,
776 2733 863 2797 pue-

123 2850 269 2901 antores
285 2837 419 2919 optime
436 2837 567 2920 docuit,
593 2837 676 2901 dein
692 2837 863 2901 curatiam

123 2978 236 3023 snsem
252 2959 412 3041 suscepit
427 2962 633 3043 regendam,
655 2959 761 3023 hodie
777 2980 862 3024 vero

124 3082 219 3145 :hiae
237 3102 263 3145 s.
281 3080 429 3165 Georgii
450 3084 496 3145 ad
512 3081 687 3146 Poessniz
702 3082 863 3146 laudabi-

129 3215 288 3286 praeest.
320 3203 483 3269 Societas
508 3225 534 3268 s.
559 3206 804 3288 Hermagorae
828 3204 863 3267 in

125 3328 222 3411 tthia‚
242 3327 413 3391 historica
436 3328 472 3392 in
489 3327 597 3392 Stiria
617 3347 683 3392 nec
705 3346 775 3390 non
791 3347 863 3390 ma-

125 3446 318 3514 Slovenica
341 3449 475 3514 Labaci
498 3449 748 3514 Corbinianum
770 3451 863 3514 salu·

126 3573 281 3636 sodalem
298 3573 499 3654 respective
515 3572 751 3635 fundatorem.

129 3775 138 3790 .
163 3734 202 3804 Q.
219 3734 340 3791 Horatii
362 3734 463 3792 Flacci
488 3754 538 3792 ars
558 3736 689 3811 poetica.
714 3735 862 3809 Prolego·

148 3839 316 3897 Metrische
340 3838 569 3916 Uebersetzung
592 3841 638 3896 ins
663 3836 862 3896 Slovenische

143 3946 241 4002 einem
268 3945 540 4003 Realcommentar.
569 3940 668 4021 (Zora.
700 3945 862 4018 „Morgen-

128 4052 147 4114 ².
171 4050 343 4108 Zeitschrilt
365 4049 412 4106 lilr
427 4048 651 4107 Wissenschaft
668 4049 726 4105 und
743 4045 862 4128 Kunst.)

129 4173 184 4230 trg.
200 4154 305 4231 Jahrg.
326 4151 416 4227 1872.
434 4156 490 4211 Νο.
512 4168 645 4228 15-21.

129 4284 153 4342 l.
163 4284 193 4341 Ο
202 4284 276 4360 senji
290 4285 327 4341 ali
336 4284 520 4343 Lukianovo
532 4280 661 4360 livenjel
676 4285 739 4341 Der
748 4283 863 4341 Traum

130 4388 176 4447 las
192 4388 298 4447 Leben
311 4389 456 4447 Lukians.
478 4388 708 4465 Uebersetzung
724 4408 779 4447 aus
795 4389 863 4446 dem

130 4493 242 4552 tischen
265 4494 423 4569 Originale
448 4496 477 4550 in
504 4494 559 4551 das
584 4493 784 4553 Slovenische
811 4497 863 4552 mit

136 4599 249 4655 kurzen
275 4599 375 4656 Kritik
401 4598 605 4656 lukianischer
629 4596 861 4656 Schreibweise.

136 4703 312 4760 Translatio
336 4703 462 4761 Luciani
487 4705 590 4780 operis
617 4703 654 4760 de
681 4721 788 4760 somno
812 4717 863 4760 aut

132 4807 299 4884 nlinguam
323 4806 537 4887 Slovenicam.)
565 4809 703 4867 Vestnik.
731 4809 861 4866 Literar.

132 4912 241 4969 ichten.
259 4912 411 4987 Marburg‚
434 4912 523 4987 1873.
542 4913 564 4970 1.
581 4914 637 4969 Νο.
655 4915 688 4969 Β.
705 4911 765 4968 und
783 4926 811 4986 7.

135 5042 171 5100 11.
192 5044 240 5100 Da
260 5044 299 5100 ali
320 5041 378 5101 ka?
401 5044 478 5100 Eine
498 5044 733 5119 grammatische
754 5043 862 5101 Unter·

133 5166 169 5224 ng
179 5146 256 5205 tiber
264 5147 312 5205 die
324 5149 452 5223 richtige
461 5147 660 5223 Anwendung
672 5147 773 5205 dieser
782 5148 862 5205 Con·

134 5268 202 5311 rnen
223 5255 262 5309 im
278 5253 565 5310 Neuslovenischen.
590 5250 619 5331 (i.
637 5271 663 5310 e.
680 5253 861 5327 Disquisitio

134 5356 265 5414 naticalis
288 5357 326 5414 de
349 5376 403 5413 usu
427 5358 648 5415 coniunctionis
665 5355 861 5414 Slovenicac:

137 5461 155 5517 li
171 5459 255 5539 ka.“)
270 5459 345 5518 lbid.
362 5460 517 5536 Marburg,
539 5461 628 5535 1873.
646 5461 669 5519 1.
685 5463 742 5519 No.
764 5477 810 5519 12.

1033 676 1292 772 Lamprecht
1318 689 1601 772 Ildephonsus
1633 687 1780 770 (Muro-

945 804 1217 889 Griesensis)‚
1241 805 1278 869 in
1302 806 1413 870 vitam
1432 806 1531 870 venit
1554 805 1612 869 die
1629 826 1679 869 22.
1698 803 1778 869 Oct.

950 932 1029 992 1885
1042 927 1152 991 Tiroli
1164 947 1279 1011 prope
1289 928 1486 1012 Meranum,
1496 928 1682 992 sollemnia
1694 927 1778 991 emi-

944 1050 991 1115 sit
1011 1061 1097 1114 vota
1119 1049 1177 1113 die
1201 1052 1231 1114 8.
1251 1049 1339 1114 Dec.
1365 1054 1457 1132 1855,
1481 1060 1518 1114 et
1541 1049 1778 1113 sacerdotium

944 1172 1047 1237 inivit
1063 1172 1120 1237 die
1137 1178 1189 1238 31.
1203 1171 1283 1237 Oct.
1302 1176 1392 1237 1858.
1417 1173 1503 1237 Erat
1515 1184 1726 1255 cooperator
1742 1181 1779 1235 et

944 1296 1070 1378 lector,
1098 1315 1191 1359 nunc
1218 1297 1396 1379 parochus
1423 1296 1458 1359 in
1482 1295 1597 1360 Gries.
1630 1296 1778 1358 Amicus

944 1428 1249 1482 monumentorum
1287 1419 1510 1502 antiquitatis
1542 1428 1579 1482 et
1609 1417 1778 1481 historiae

944 1540 1116 1604 naturalis
1142 1542 1237 1605 haud
1266 1542 1504 1624 spernendam
1532 1541 1778 1604 collectionem

944 1663 1078 1745 incepit
1099 1664 1294 1747 praecipue
1310 1665 1603 1747 coleopterorum,
1626 1665 1779 1747 conchy-

944 1785 1070 1849 liorum
1087 1796 1123 1850 et
1138 1786 1320 1851 fossilium.
1344 1787 1385 1850 In
1410 1806 1449 1850 re
1471 1787 1630 1851 numaria
1645 1786 1780 1870 pariter

945 1927 985 1971 se
1000 1908 1155 1991 peritum
1167 1908 1327 1973 ostendit
1339 1920 1376 1973 et
1387 1909 1633 1973 numothecam
1649 1909 1779 1973 eonsti-

944 2040 1045 2094 tuere
1061 2030 1224 2095 intendit.

1031 2198 1215 2274 Landerl
1248 2211 1509 2276 Philibertus
1545 2211 1778 2296 (Cremifa-

944 2327 1110 2411 nensis),
1126 2339 1233 2392 antea
1249 2328 1432 2412 Iosephus,
1450 2340 1555 2394 natus
1571 2330 1628 2393 die
1645 2336 1674 2394 o.
1688 2331 1777 2413 Apr.

948 2453 1039 2531 1840,
1064 2449 1278 2514 Austriacus
1304 2450 1578 2535 Sierningensis,
1602 2451 1777 2514 absolutis

943 2571 979 2635 in
995 2572 1184 2655 gymnasio
1201 2571 1458 2637 Cremifanensi
1479 2573 1605 2637 studiis
1626 2574 1776 2637 novitia-

943 2705 1018 2758 tum
1039 2692 1097 2757 die
1122 2716 1172 2757 22.
1197 2696 1295 2779 Aug.
1328 2701 1410 2760 1860
1435 2693 1618 2780 ingressus
1646 2706 1776 2759 exacto

943 2816 1106 2881 tirocinio
1130 2818 1301 2901 mysteria
1324 2818 1522 2898 theologiae
1549 2818 1585 2881 in
1612 2818 1776 2882 instituto

944 2939 1140 3005 domestico
1156 2940 1202 3003 ad
1222 2959 1249 3005 s.
1266 2940 1423 3005 Floriani
1437 2941 1571 3015 hausit;
1588 2941 1677 3004 ads.
1694 2961 1775 3024 pro·

944 3060 1135 3125 fossionem
1152 3062 1328 3125 admissus
1345 3062 1402 3126 die
1416 3084 1466 3143 ²9·
1481 3062 1581 3146 Sept.
1599 3068 1679 3143 1864
1692 3064 1776 3126 anni
1843 3085 1846 3090 ’

943 3183 1165 3266 insequentis
1181 3184 1239 3247 die
1255 3190 1307 3248 30.
1324 3185 1390 3250 Iul.
1411 3189 1490 3249 1865
1508 3185 1641 3248 ordinis
1657 3205 1776 3248 sacra-

943 3316 1101 3370 mentum
1132 3307 1282 3389 accepit.
1323 3311 1496 3387 1865—67
1524 3307 1561 3372 in
1588 3308 1776 3391 gymnasio

944 3427 1127 3511 professor
1149 3430 1336 3512 supplens;
1368 3434 1537 3510 1868-70
1562 3430 1599 3493 in
1622 3431 1774 3495 univers.

943 3549 1098 3614 Vindob.
1120 3551 1316 3615 studiorum
1337 3551 1584 3616 historicorum
1605 3563 1641 3616 et
1661 3552 1775 3635 philo-

944 3673 1170 3754 sophicorum
1201 3694 1309 3738 causa
1337 3685 1574 3738 commoratus
1604 3676 1651 3737 ab
1682 3695 1774 3738 anno

948 3798 1024 3874 1871
1055 3796 1312 3879 geographiam
1340 3806 1376 3859 et
1403 3796 1587 3860 historiam
1614 3817 1774 3860 necnon

943 3915 1118 3980 elementa
1134 3918 1381 4000 philosophiae
1403 3919 1550 3983 iuvenes
1569 3920 1605 3982 in
1624 3939 1774 4003 gymna-

943 4037 996 4100 sio
1018 4039 1125 4103 docet
1149 4041 1244 4122 (1874
1267 4040 1422 4105 doctoris
1445 4041 1691 4123 philosophiae
1713 4061 1774 4104 no·

943 4160 1036 4224 mine
1054 4163 1210 4243 omatus)
1228 4172 1264 4226 et
1280 4163 1326 4226 ab
1343 4182 1436 4226 anno
1457 4167 1536 4243 1878
1557 4163 1661 4226 simul
1676 4164 1773 4226 iuve-

942 4283 1047 4347 nibus
1064 4283 1099 4347 in
1115 4285 1280 4349 convictu
1296 4284 1511 4369 degentibus
1527 4298 1681 4368 praeest.

1030 4407 1143 4491 Typis
1164 4408 1328 4491 vulgavit
1353 4407 1640 4472 dissertationem
1661 4409 1773 4491 philo-

943 4528 1142 4612 sophicam:

1030 4654 1774 4715 DieWillensfreiheitvomHerbartischenStand·

943 4760 1058 4838 punltte
1073 4779 1138 4818 aus.
1159 4757 1189 4839 (i.
1208 4779 1235 4818 e.
1256 4761 1304 4818 De
1325 4760 1422 4819 libero
1443 4760 1570 4819 arbitrio
1591 4763 1673 4819 iuxta
1695 4763 1773 4819 Her·

943 4865 1030 4923 bartii
1040 4865 1212 4942 philosophi
1226 4863 1411 4945 praecepta)
1420 4864 1771 4943 Gymnasialprogramm

947 4966 1038 5043 1874.
1062 4970 1147 5039 Lina,
1168 4969 1274 5027 Druck
1290 4987 1350 5027 von
1366 4970 1391 5026 F
1392 4970 1576 5046 eichtingers
1591 4970 1704 5028 Erben.
1728 4977 1771 5043 4⁰.

942 5088 982 5147 32
1000 5092 1030 5150 p.
1055 5074 1198 5132 Eiusdem
1220 5073 1443 5133 dissertationis
1462 5075 1557 5134 altera
1573 5094 1645 5153 pars
1661 5075 1772 5153 prodiit

942 5178 1053 5237 ibidem
1069 5198 1148 5237 anno
1169 5176 1259 5254 1875.
1276 5186 1320 5254 4⁰.
1341 5177 1378 5238 18
1395 5199 1425 5257 p.

1028 5329 1303 5404 Landsmann
1327 5340 1465 5403 David
1483 5338 1772 5422 (Cremifanen-

942 5457 1024 5540 sis),
1041 5470 1148 5523 antea
1163 5457 1327 5542 Michael,
1344 5458 1401 5522 die
1419 5458 1553 5523 21.Iun.
1567 5462 1643 5537 1781
1663 5457 1772 5520 Vien-

1510 5564 1563 5623 34*
