4088 6270
1016 495 1296 582 -484-

281 720 404 758 armena
420 717 450 757 et
467 720 532 757 cum
550 699 664 756 crebris
687 703 767 758 notis
784 703 995 776 grammaticis.
1020 702 1112 758 Vien-

283 825 350 874 nae,
369 808 448 882 typis
463 805 605 862 hlechith.
628 803 717 862 1866.

368 952 573 1045 Toupall‘k
598 964 791 1026 Maurus
817 964 1113 1045 (Emautinus

280 1082 685 1162 Montserratensis),
713 1082 892 1144 Bohemus
920 1083 1112 1145 Taborien-

280 1205 339 1285 515,
362 1213 467 1266 natus
489 1209 579 1285 1789,
603 1203 786 1284 professus
807 1208 898 1284 1815,
923 1206 1113 1286 presbyter

281 1326 466 1389 ordinatus
487 1331 576 1407 1819,
603 1326 785 1406 professor
805 1326 970 1389 classium
990 1328 1112 1388 huma·

281 1449 403 1512 nitatis
420 1461 456 1509 et
472 1449 676 1529 praefectus
693 1449 870 1531 gymnasii
887 1449 1112 1512 Benedictini

281 1572 460 1634 Emautini
482 1573 516 1633 in
538 1571 683 1633 civitate
700 1571 910 1634 Klattoviae
935 1572 1111 1652 emeritus,

281 1694 378 1773 prior
402 1693 607 1755 monasterii
629 1692 816 1773 Emautini,
841 1697 1110 1755 111011111151800.

281 1816 497 1897 Linguarum
511 1815 669 1895 Latinae,
684 1813 855 1895 Graecae,
867 1812 1110 1895 Germanicae,

280 1937 495 1999 Bohemicae
527 1936 780 2017 peritissimuS,
812 1937 919 2018 poeta
951 1935 1110 2017 insignis,

280 2060 437 2121 carmina
461 2060 644 2140 praeclara
668 2059 811 2140 Latina,
836 2057 1047 2122 Germanica
1076 2070 1112 2120 et

280 2181 473 2243 Bohemica
483 2180 682 2261 composuit
696 2180 789 2242 datis
800 2181 1045 2242 occasionibus
1054 2180 1112 2242 vel

280 2304 510 2365 sollemnibus
527 2304 583 2364 vel
600 2323 664 2384 pro
686 2302 825 2365 circulis
847 2301 1039 2363 amicorum
1060 2301 1112 2363 fa-

280 2425 483 2488 miliaribus

367 2547 549 2609 Mentione
565 2547 600 2607 in
617 2545 740 2626 primis
757 2545 881 2627 digna:

250 2727 254 2734 .
368 2674 389 2729 l.
414 2672 563 2729 Salutatio
584 2670 781 2746 aggratulans
802 2673 934 2747 supremi
952 2672 1034 2744 regni
1052 2670 1111 2725 Bo·

280 2779 395 2834 hemiae
413 2778 579 2850 landgravii
598 2778 715 2831 comitis
729 2776 848 2831 Chotek
861 2775 1043 2830 Klattoviam
1059 2773 1111 2829 ad-

280 2884 428 2938 venientis
453 2899 531 2936 anno
557 2879 652 2951 1841:
677 2878 820 2935 Piivitani
846 2878 1017 2952 nejvyiiiho
1042 2897 1112 2952 pur-

281 2984 409 3042 krabiho
431 2983 555 3040 hrabete
577 2983 696 3039 Chotka
716 2983 755 3038 do
774 2983 903 3038 Klatova
924 2981 1014 3052 1841.
1035 2979 1110 3037 Bibl.

281 3091 399 3145 Emaut.
418 3093 514 3144 minor
530 3089 596 3144 Xll.
620 3103 643 3144 1.
661 3102 690 3158 3.

367 3195 404 3249 ll.
428 3195 556 3249 Carmen
578 3192 702 3266 lyricum
726 3193 754 3246 in
775 3188 896 3266 publica
919 3202 949 3245 et
974 3189 1110 3245 sollemni

280 3298 420 3354 classium
435 3297 641 3372 praelectione
656 3296 738 3351 finito
752 3313 830 3351 anno
843 3295 1034 3360 scholastice,
1049 3311 1110 3367 quo

280 3404 383 3458 Musas
400 3402 572 3457 Klattoviae
590 3400 740 3456 celebrari
758 3397 920 3477 (Musarum
937 3400 1110 3455 Klattoviae

280 3504 411 3584 laudes),
438 3509 517 3581 typis
546 3505 656 3561 editum
683 3505 855 3560 Klattoviae
888 3502 980 3575 1839;
1010 3504 1110 3576 lingua

279 3612 457 3667 Bohemica:
492 3610 598 3683 Elegie
626 3609 645 3664 k
672 3609 853 3683 piednefeni
884 3611 929 3683 pri
957 3607 1109 3681 refejnem

279 3716 475 3772 oznamovani
500 3714 673 3790 prospdchu
701 3714 833 3769 mladefe
858 3731 896 3769 na
922 3714 1109 3787 gymnasium

280 3820 478 3875 Klatovskem
496 3820 535 3875 ku
549 3819 638 3874 konci
652 3819 791 3874 ikolniho
805 3819 882 3874 roku
898 3816 986 3888 1839.
1000 3816 1027 3872 V
1038 3816 1110 3871 Kla-

283 3925 393 3980 torech
414 3924 504 3995 1839.
523 3925 554 3978 111
571 3922 643 3978 bibl.
659 3924 818 3978 Emautina
836 3923 941 3977 minori
958 3921 1025 3976 XII.
1041 3935 1065 3974 1.
1080 3935 1108 3990 4.

366 4047 418 4101 ΙΙΙ.
445 4047 574 4101 Carmen
591 4045 784 4101 Bohemicum
806 4047 941 4101 iocosum
964 4045 992 4097 in
1014 4042 1109 4117 poda-

281 4169 376 4224 gram,
399 4170 464 4205 cum
483 4149 560 4204 idem
583 4152 648 4224 ipse
662 4149 799 4223 podagra
815 4137 1109 4203 vehementerlabo·

280 4267 370 4321 raret,
385 4256 567 4330 composuit,
581 4252 663 4327 quod
677 4271 797 4308 carmen
810 4251 929 4326 quidam
943 4252 1007 4306 eius
1020 4249 1110 4305 disci-

280 4359 428 4434 pulorum,
446 4378 534 4433 quem
549 4360 577 4413 in
591 4359 693 4432 primis
712 4377 811 4413 carum
828 4353 940 4422 habuit,
958 4355 1109 4430 parochus

280 4463 386 4527 factus,
405 4465 472 4536 ipso
489 4464 584 4517 inscio
601 4463 630 4516 in
643 4459 801 4517 novalibus
818 4461 918 4533 dety
935 4456 1046 4535 (flores)
1064 4470 1109 4532 ty·

281 4569 328 4643 pis
345 4585 521 4641 expressum
539 4563 690 4640 publicum
708 4563 787 4619 fecit.

367 4713 597 4786 Treuinfels
614 4724 696 4785 Leo
713 4725 760 4786 M.
780 4724 1110 4805 (Mariaemonta-

278 4843 377 4921 nus),
401 4850 506 4903 natus
530 4841 703 4923 Tergeste
722 4842 862 4923 (Triest)
887 4843 1108 4920 4.Iun.1848
1133 4908 1135 4912 ⁴

280 4962 407 5024 studiis
435 4962 613 5044 gymnasii
643 4963 824 5025 Meraniae
853 4964 1000 5046 egregia
1031 4984 1108 5026 cum

279 5085 385 5145 laude
402 5085 577 5145 absolutis
597 5087 755 5148 ordinem
778 5086 960 5168 ingressus
982 5095 1036 5148 est
1059 5107 1108 5148 20.

280 5204 381 5285 Sept.
404 5209 493 5284 1865,
512 5215 598 5268 vota
616 5207 799 5270 sollemnia
820 5207 936 5270 emisit
957 5228 1003 5271 11.
1020 5207 1109 5270 Νον..

287 5334 380 5411 1809,
408 5351 435 5393 s.
463 5331 734 5411 presbyteratus
762 5329 921 5392 ordinem
952 5330 1111 5411 suscepit

283 5448 450 5512 Brixinae
474 5472 523 5514 22.
540 5451 614 5513 Ian.
638 5457 712 5529 1871
741 5463 776 5513 et
800 5451 834 5513 in
859 5452 989 5514 sacello
1011 5472 1111 5535 gym-

1193 697 1284 760 nasii
1299 697 1523 760 Meranensis
1541 719 1568 760 2.
1584 698 1689 761 Febr.
1707 719 1738 761 e.
1755 718 1786 761 a.
1804 699 1947 779 primum
1959 720 1997 762 sa-

1193 839 1290 882 crum
1302 821 1381 882 Deo
1394 820 1612 882 sollemniter
1624 820 1765 882 obtulit.
1789 820 1826 882 Is
1838 830 1999 902 postquam

1192 961 1257 1022 per
1272 942 1452 1005 biennium
1468 942 1664 1028 (1872-74)
1684 943 1720 1005 in
1737 942 1833 1006 univ.
1847 943 1999 1026 Oenipon-

1192 1074 1277 1127 tana
1302 1064 1472 1127 historiae
1500 1065 1652 1127 naturali
1680 1065 1819 1148 optimo
1847 1086 1922 1128 cum
1943 1086 1999 1129 suc-

1193 1206 1296 1250 cessu
1313 1207 1459 1268 operam
1472 1187 1627 1269 navavit,
1644 1188 1855 1270 praedictae
1871 1189 2000 1270 discipli-

1192 1330 1259 1372 nae
1287 1309 1543 1390 professionem
1572 1309 1606 1371 in
1634 1309 1826 1392 gymnasio
1855 1311 2000 1391 superiori

1192 1431 1398 1513 auspicatus
1426 1430 1600 1512 simulque
1628 1450 1762 1512 pueros
1794 1431 1830 1493 in
1861 1432 1998 1494 convictu

1193 1564 1314 1615 nostro
1331 1573 1395 1634 per
1410 1552 1590 1614 biennium
1608 1554 1819 1615 moderatus
1835 1564 1898 1616 est.

1279 1673 1395 1738 Studii
1417 1695 1525 1737 causa
1540 1694 1605 1755 per
1620 1674 1699 1736 loca
1716 1686 1925 1756 montesque
1939 1695 1998 1756 pre

1191 1797 1307 1859 fectus
1321 1806 1430 1877 atque
1440 1798 1569 1858 herbas
1583 1805 1765 1859 scrutatus
1778 1798 1998 1860 maximarum

1192 1918 1365 1980 industria
1394 1918 1551 1979 libellum
1578 1916 1734 1980 confecit
1766 1930 1804 1980 et
1835 1919 1938 1981 edidit
1961 1920 1998 1980 in-

1192 2040 1377 2120 scriptum:

1279 2165 1336 2219 Die
1352 2165 1469 2220 Cirsien
1484 2164 1597 2219 Tirols
1620 2160 1650 2241 (i.
1668 2183 1695 2220 e.
1714 2165 1815 2221 Cirsia
1830 2164 1998 2242 Tirolensia.)

1192 2268 1234 2326 8⁰.
1252 2267 1430 2335 lnnsbruck,
1447 2267 1496 2324 bei
1513 2267 1668 2350 Wagner..
1682 2267 1775 2342 1875.
1799 2284 1856 2342 119
1873 2288 1900 2344 p.

1278 2396 1440 2491 Troger
1462 2408 1705 2471 Meinradus
1727 2409 1934 2492 (princeps
1951 2413 2000 2471 ab

1191 2527 1267 2586 bas
1283 2523 1648 2606 San-Blasianus).
1672 2526 1789 2589 Natus
1811 2539 1868 2591 est
1887 2544 2000 2610 specta·

1191 2647 1254 2709 bili
1267 2647 1505 2729 Trogerorum
1517 2649 1689 2728 prosapia
1702 2650 1761 2712 die
1775 2655 1827 2713 31.
1838 2652 1928 2734 Aug.
1940 2656 2000 2729 1191

1191 2769 1442 2832 Rhenofeldae
1469 2769 1504 2831 in
1532 2791 1663 2852 magno
1690 2773 1825 2835 ducatu
1854 2773 2000 2844 Badensi;

1190 2893 1401 2954 monachum
1418 2891 1624 2953 Blasianum
1646 2893 1764 2955 induit
1790 2915 1885 2974 1717;
1909 2914 2000 2957 sacer-

1191 3015 1256 3075 dos
1267 3022 1408 3075 creatus
1422 3023 1476 3076 est
1489 3034 1579 3092 172²·
1597 3014 1639 3076 In
1654 3014 1751 3078 univ.
1762 3014 2001 3098 Salisburgensi

1191 3135 1334 3216 optimis
1347 3135 1474 3198 litteris
1488 3134 1653 3216 imbutus,
1666 3136 1803 3199 ibidem
1813 3152 1934 3218 postea
1943 3138 2001 3218 phi·

1190 3257 1389 3339 losophiam
1410 3258 1567 3339 tradidit,
1592 3259 1700 3321 editis
1725 3261 1865 3342 aliquot
1888 3260 2001 3342 stagiri-

1191 3381 1302 3442 sticae
1320 3379 1491 3442 scientiae
1514 3382 1774 3461 speciminibus
1798 3404 1878 3446 cum
1899 3384 2000 3465 plausu

1192 3502 1366 3582 exceptis.
1404 3503 1444 3564 In
1476 3504 1693 3566 monasterio
1727 3502 2000 3588 Gengenbacensi

1192 3624 1299 3686 etiam
1313 3624 1558 3704 philosophiae
1570 3625 1758 3706 professor
1770 3636 1858 3690 erat.
1875 3628 1998 3689 Domum

1191 3748 1304 3808 redux
1318 3754 1395 3807 erat
1408 3746 1550 3807 abbatis
1562 3746 1749 3810 Francisci
1763 3749 1959 3821 sacellarius,
1972 3760 1996 3805 et

1191 3869 1365 3931 rationum
1386 3888 1451 3948 per
1471 3887 1583 3929 annos
1607 3869 1731 3949 plures
1748 3870 1892 3932 revisor.
1914 3869 1995 3930 Prae

1190 3990 1328 4072 positus
1353 4001 1481 4070 postea
1504 3988 1797 4071 Clingnoviensis
1825 4012 1886 4073 per
1911 4006 1993 4052 annos

1190 4124 1272 4194 tres,
1291 4122 1327 4175 et
1343 4111 1439 4192 prior
1455 4132 1481 4173 5.
1501 4111 1622 4192 Blasii,
1646 4113 1797 4196 primus,
1820 4115 1876 4196 qui
1896 4128 1990 4175 nomen

1190 4233 1317 4295 decani
1329 4232 1512 4314 adsumsit,
1525 4252 1591 4312 pro
1604 4253 1703 4295 more
1720 4234 1757 4295 in
1769 4232 1989 4315 principalibus

1190 4355 1413 4417 monasteriis
1436 4354 1569 4417 ordinis
1597 4375 1624 4416 5.
1651 4355 1841 4419 Benedicti
1869 4357 1988 4425 inducto,

1190 4477 1257 4539 etsi
1273 4477 1374 4538 iuxta
1390 4476 1551 4557 regulam
1574 4475 1672 4537 aliud
1694 4487 1792 4540 esset
1814 4480 1986 4540 decanorum

1191 4598 1355 4680 officium,
1372 4598 1520 4661 inferius
1536 4597 1596 4660 illo
1613 4599 1774 4679 priorum
1791 4611 1827 4663 et
1842 4593 1986 4682 praeposi·

1190 4731 1313 4784 torum.
1339 4722 1372 4783 A
1390 4720 1592 4783 Coelestino
1613 4731 1844 4785 antecessore
1866 4723 1934 4783 loco
1952 4713 1985 4776 sui

1190 4842 1287 4923 prior
1317 4843 1352 4904 in
1380 4842 1571 4906 Oberriedt
1603 4845 1835 4926 constitutuS,
1865 4834 1984 4905 defuncti

1191 4965 1297 5027 etiam
1313 4965 1429 5027 locum
1446 4965 1646 5046 occupavit,
1668 4967 1786 5028 abbas
1810 4967 1932 5027 electus
1949 4956 1985 5018 die

1192 5091 1241 5148 28.
1259 5087 1346 5167 Apr.
1365 5106 1457 5149 anno
1478 5107 1569 5167 1749,
1591 5089 1724 5151 aetatis
1740 5109 1826 5151 suae
1843 5084 1917 5150 535⁰.
1938 5081 1984 5160 Op
2036 5164 2038 5177 Ι

1191 5208 1267 5270 timi
1290 5209 1474 5272 oeconomi
1495 5220 1617 5290 partes
1644 5210 1819 5293 implevit,
1843 5201 1984 5289 dispositis
2036 5184 2038 5205 ¹

1193 5339 1229 5392 et
1245 5331 1400 5412 mutatiS,
1423 5352 1514 5412 quae
1535 5333 1582 5394 ad
1598 5332 1857 5396 incrementum
1872 5343 1984 5412 preren·

1191 5461 1289 5514 tuum
1312 5455 1509 5516 conducere
1530 5452 1759 5518 videbantur.
1784 5447 1984 5518 Aedificiain·
