4088 6270
801 512 843 521 —
887 475 1110 538 LXXXVII
1155 512 1194 523 —

152 701 199 761 vel
219 699 491 780 „Sermonibus“.
534 702 604 782 Qui
630 701 740 764 libelli
772 721 817 764 ex
847 702 1001 765 maxima
1031 711 1134 783 parte
1162 723 1184 765 a
1211 703 1415 765 clarissimis
1445 701 1648 785 theologiae
1682 701 1862 784 magistris

160 839 320 920 praecipue
347 839 511 903 Lutetiae
546 841 757 903 docentibus
788 841 894 921 editi,
930 861 1021 923 quae
1053 861 1131 904 cum
1165 842 1388 905 monasteriis
1419 841 1619 904 Austriacis
1654 841 1752 904 varie
1787 850 1863 903 erat

167 976 330 1059 coniuncta,
358 977 548 1060 diligenter
575 979 870 1042 describebantur
899 988 935 1042 et
965 983 1238 1082 renovabantur.
1284 981 1330 1043 Et
1358 982 1495 1043 ratione
1521 981 1644 1044 habita
1671 1000 1863 1063 paucorum

171 1117 352 1179 sacerdotum
381 1136 424 1178 ea
452 1127 571 1181 aetate
594 1118 629 1180 in
653 1116 876 1180 monasteriis
900 1117 1121 1199 degentium,
1151 1117 1210 1199 qui
1238 1128 1426 1198 praeterea
1455 1119 1533 1180 aliis
1562 1117 1688 1181 officiis
1712 1138 1865 1200 occupa·

172 1257 271 1335 bantur,
291 1256 376 1337 quid
398 1255 533 1336 mirum,
561 1257 590 1318 si
622 1274 757 1337 paucos
784 1255 964 1317 nominare
992 1275 1192 1336 possumus,
1216 1257 1275 1338 qui
1297 1276 1356 1319 res
1378 1257 1600 1339 theologicas
1624 1256 1864 1319 disseruerint.

176 1391 235 1455 Sunt
260 1394 396 1474 quidem
431 1393 555 1475 pauci,
591 1394 655 1456 sed
689 1394 830 1457 nomina
865 1413 985 1457 eorum
1021 1396 1210 1458 celebrata.
1257 1396 1353 1459 Ante
1390 1416 1512 1459 omnes
1546 1396 1750 1460 nominandi
1784 1405 1866 1458 sunt

175 1529 263 1593 inanes
276 1530 499 1595 Godofredus
523 1541 559 1594 et
581 1533 788 1595 Irimbertus
803 1535 955 1596 abbates
972 1533 1246 1614 Admontenses‚
1272 1534 1332 1615 qui
1355 1535 1390 1596 in
1410 1535 1625 1597 monasterio
1644 1533 1864 1597 academiam

176 1668 361 1732 instituebant
378 1671 410 1751 ¹).
456 1670 610 1733 Accedit
633 1691 679 1733 ex
702 1671 968 1734 successoribus
992 1672 1207 1735 clarissimus
1224 1673 1463 1755 Engelbertus
1479 1676 1602 1754 abbaS,
1626 1672 1686 1755 qui
1711 1672 1865 1735 omnium

176 1825 233 1869 suae
249 1809 368 1872 aetatis
392 1809 657 1892 disciplinarum
680 1811 816 1892 peritus
840 1812 1041 1893 adpellatur
1056 1814 1090 1893 ²).
1136 1813 1176 1875 In
1200 1813 1414 1875 monasterio
1439 1811 1696 1875 Bievnoviensi
1724 1811 1867 1873 saeculo

176 1945 339 2012 duodecimo
375 1946 541 2012 Clemens
575 1950 688 2011 abbas
727 1951 980 2032 (uro—1127)
1016 1952 1051 2013 in
1087 1951 1274 2033 disciplina
1311 1951 1557 2032 philosophica
1591 1959 1627 2014 et
1664 1950 1868 2032 theologica

175 2102 254 2166 aeque
273 2089 385 2152 clarus
398 2091 423 2170 ³)
431 2139 439 2170 ,
464 2100 500 2152 et
524 2090 666 2152 saeculo
690 2099 818 2172 quarto
843 2091 979 2153 decimo
1002 2091 1197 2173 Dionysius
1221 2091 1379 2153 eiusdem
1402 2089 1607 2153 monasterii
1629 2092 1743 2151 abbas
1771 2090 1868 2169 (1360

174 2227 273 2307 —ntn
302 2228 413 2310 digna
442 2228 547 2290 laude
577 2229 801 2292 nominantur
815 2230 850 2311 ⁴).
900 2229 1090 2293 Lunaelaci
1120 2229 1263 2292 fuerunt
1294 2240 1330 2291 et
1360 2229 1579 2309 scripserunt
1610 2228 1753 2290 saeculo
1783 2229 1867 2289 duo-

174 2360 272 2427 decimo
307 2365 492 2428 Liutoldus
534 2376 569 2429 et
607 2365 834 2431 Eberhardus
878 2368 1056 2440 monachi;
1101 2367 1246 2431 Mellicii
1290 2368 1518 2430 Burchardus
1563 2375 1600 2429 et
1642 2365 1867 2428 Hermannus

174 2504 341 2584 monachis).
387 2504 428 2566 In
464 2506 679 2568 monasterio
713 2508 759 2568 ad
791 2526 818 2569 s.
851 2487 1079 2570 Lambertum
1110 2507 1145 2570 in
1177 2505 1285 2570 Stiria
1319 2507 1462 2569 saeculo
1498 2503 1743 2568 tertiodecimo
1780 2502 1868 2564 Hin-

175 2637 296 2704 denticus
320 2653 355 2704 et
379 2642 530 2706 Ioannes
543 2642 567 2724 ⁶)
601 2643 763 2707 monachi
795 2645 1020 2707 nominantur
1051 2655 1086 2707 et
1113 2655 1258 2727 postero
1287 2646 1430 2707 saeculo
1460 2644 1611 2706 Ioannes
1644 2640 1868 2723 praepositus

176 2758 407 2860 Raigradiensis
422 2783 444 2863 7)
474 2797 509 2845 et
533 2783 717 2846 Adalbero
739 2783 952 2846 Pleichober
979 2785 1172 2847 monachus
1196 2783 1452 2847 Lambacensis
1466 2781 1489 2866 ⁸)
1519 2781 1750 2845 decretalium
1777 2780 1869 2862 peri·

177 2912 264 2980 tissimi
291 2920 455 2983 laudibus
487 2919 696 3004 efferuntur,
732 2923 832 2985 cuius
863 2922 1023 3005 aequalis
1054 2933 1109 2985 est
1140 2922 1340 2985 Fridolinus
1370 2923 1563 2984 monachus
1595 2918 1870 3001 Opatovicensis

180 3058 389 3139 monasteriis).
437 3059 482 3122 Et
504 3069 647 3141 praeter
669 3063 734 3122 hos
757 3061 967 3143 scriptores,
1000 3062 1127 3143 quibus
1158 3083 1183 3124 s.
1209 3060 1434 3139 &erarduswp
1459 3060 1597 3142 Martyr
1620 3069 1657 3122 et
1680 3057 1869 3139 episcopus

180 3200 443 3219 x—

213 3264 216 3269 .
270 3295 288 3375 ¹)
311 3298 445 3366 Quorum
470 3315 564 3373 opera
588 3298 787 3374 Ziegelbauer
811 3300 828 3356 l.
854 3320 879 3357 c.
904 3301 957 3357 111.
982 3301 1032 3357 IV.

270 3407 289 3489 ²)
311 3407 465 3486 Operibus
485 3429 502 3466 a
523 3410 722 3486 Ziegelbauer
738 3431 799 3469 sec.
818 3415 874 3469 Pez
896 3414 1027 3470 thesaur.
1044 3413 1192 3470 Anecdot.
1211 3415 1395 3469 enumeratis
1411 3413 1579 3468 addendum
1597 3425 1659 3468 est:
1688 3411 1869 3482 „Tractatus

181 3511 205 3567 de
222 3524 331 3579 musica“
357 3525 487 3580 omissus
511 3542 528 3579 a
551 3524 620 3582 Pez.
645 3526 800 3592 Wichner,
824 3526 965 3582 Admont.
993 3527 1009 3583 l.
1034 3547 1059 3583 c.
1085 3527 1137 3583 Ill.

270 3631 289 3713 ³)
311 3635 445 3712 Operum
471 3638 535 3693 eius
559 3638 630 3694 nihil
653 3635 688 3717 (Ρ)
713 3643 885 3715 permansit.
911 3640 1021 3706 Dudik,
1046 3640 1178 3714 Raigern
1202 3640 1219 3696 l.
1244 3660 1270 3697 c.
1295 3640 1317 3695 Ι.

271 3744 291 3825 4)
314 3749 478 3823 Dionysius
501 3750 598 3808 abbas
622 3752 761 3808 Lutetiae
786 3753 963 3809 doctoratus
987 3753 1089 3809 laurea
1114 3755 1272 3827 insignitus
1296 3752 1419 3808 illustris
1443 3750 1612 3826 disputator
1628 3750 1747 3808 habitus
1771 3763 1818 3806 est
1842 3751 1870 3804 in

182 3852 330 3917 universitate
353 3862 509 3936 Pragensi.
556 3864 602 3920 De
626 3862 771 3939 operibus
795 3867 859 3922 eius
882 3866 952 3921 nihil
977 3868 1138 3922 memoriae
1162 3865 1311 3941 proditum
1335 3877 1392 3921 est.
1416 3864 1518 3919 Dudik
1541 3863 1558 3919 1.
1584 3883 1609 3920 e.

272 3970 292 4049 ⁵)
313 3974 473 4031 Liutoldus
497 3975 627 4032 confecit
650 3976 825 4033 Passionale
842 3977 879 4034 de
896 3976 1016 4035 Sanctis
1041 3991 1071 4034 et
1098 3996 1272 4048 „sermones
1295 3981 1400 4044 octo“;
1427 3988 1537 4043 cetera,
1562 3995 1640 4050 quae
1663 3979 1691 4032 in
1715 3975 1872 4051 disciplina

183 4071 312 4156 theologica
334 4089 495 4162 scripsisse
519 4087 635 4154 dicitur,
659 4102 801 4164 suspecta
817 4102 893 4145 sunt.
919 4089 964 4145 Cf.
983 4090 1086 4154 Denis,
1112 4090 1241 4146 Codices
1264 4091 1457 4164 manuscripti
1482 4089 1643 4163 theologici
1667 4087 1870 4145 bibliothecae

184 4183 293 4254 Palatinae
307 4198 558 4257 Vindobonensis.
597 4199 805 4258 Eberhardum
822 4220 959 4259 carmen:
987 4203 1150 4277 „Mysteria
1173 4202 1388 4278 redemptionis
1405 4201 1570 4257 humanae“
1589 4200 1728 4258 versibus
1744 4200 1871 4256 leoninis

183 4302 300 4376 scripsisse
315 4313 480 4370 chronicon
496 4313 724 4370 Lunaelacense
742 4328 896 4371 memorat.
928 4307 1186 4390 Uterque‘habilis
1202 4315 1372 4389 descriptor
1388 4327 1418 4370 et
1434 4316 1533 4389 pictor
1550 4327 1623 4369 erat.
1655 4315 1701 4370 De
1718 4314 1872 4369 monachis

185 4405 362 4481 biclliceusibus
386 4424 423 4482 cs.
449 4424 550 4500 Kropf
571 4425 588 4482 l.
613 4445 639 4481 c.

276 4530 296 4614 ό)
317 4537 516 4594 Heidenricus
536 4539 659 4613 scripsit
678 4538 873 4610 „Psalterium
889 4542 921 4596 B.
939 4540 978 4596 M.
992 4541 1028 4597 V.
1046 4558 1099 4596 seu
1115 4541 1311 4596 salutationes
1328 4539 1546 4614 rhythmicas“;
1570 4539 1672 4595 loanni
1693 4537 1873 4613 „Expositio

185 4643 294 4704 Passionis
309 4649 503 4706 Dominicae“
522 4662 713 4708 attractatus
740 4651 795 4723 „de
812 4671 860 4719 e0,
882 4652 963 4727 quod
979 4653 1068 4709 liceat
1084 4652 1231 4708 monacho
1247 4652 1455 4728 praedicare“‚
1473 4651 1684 4708 attribuuntur.
1708 4650 1754 4707 Ci.
1768 4647 1872 4707 Series

185 4751 321 4826 scriplorum
345 4761 616 4819 Lambertinorum.

277 4871 297 4950 ⁷)
319 4875 450 4950 Reliquit
474 4875 714 4934 Commentarios
738 4881 767 4934 in
791 4878 978 4936 Decretales.
1002 4880 1150 4935 Manuscr.
1173 4876 1374 4935 bibliothecae
1391 4876 1627 4952 Raigradiensis.
1652 4875 1753 4932 Dudik
1769 4876 1787 4931 l.
1806 4895 1831 4932 c.
1849 4877 1871 4932 1.

276 4979 505 5064 ⁸)Conscripsit
539 5003 717 5066 apparatum
754 4993 782 5046 in
815 4991 991 5048 Decretales
1023 5003 1053 5047 et
1084 4991 1305 5046 distinctionum
1342 4987 1482 5054 libellum,
1513 5007 1640 5064 quorum
1669 4990 1738 5045 nihil
1763 5002 1870 5045 exstat.

186 5077 331 5165 Schnieden
354 5100 495 5157 Chronic.
519 5100 662 5158 Lambae.

275 5207 296 5288 ⁹)
317 5211 349 5267 ln
372 5231 526 5269 numerum
551 5216 732 5289 optimorum
758 5215 971 5288 magistrorum
995 5216 1197 5270 universitatis
1222 5214 1382 5288 Pragensis
1411 5213 1546 5270 refertur.
1583 5211 1728 5288 Scripsit:
1756 5212 1873 5289 „Adap-

183 5309 253 5373 ¹i⁰ncs
272 5328 468 5382 sermonum“.
492 5325 593 5393 Frind‚
618 5327 929 5401 Kirchengeschichte
953 5345 1012 5383 von
1036 5327 1168 5383 Bdhmen
1191 5326 1210 5382 l.
1235 5346 1260 5383 c.
1286 5326 1322 5383 ΙΙ.

265 5432 296 5512 ¹⁰)
310 5433 475 5513 Scripsisse
492 5437 617 5495 dicitur:
638 5437 742 5510 „Libri
759 5452 830 5495 octo
847 5441 1069 5514 expositionum
1086 5439 1185 5513 hymni
1202 5440 1290 5494 trium
1307 5441 1500 5513 puerorum“.
1525 5435 1723 5511 Ziegelbauer
1738 5437 1756 5493 l.
1774 5456 1800 5492 c.
1819 5437 1871 5492 ΙΙΙ.
