4088 6270
279 697 532 769 compararunt
554 697 736 748 numerum
753 695 862 766 atque
874 683 964 765 prof.
974 682 1109 764 Wolny

281 809 367 873 viris
387 808 543 890 optimae
565 807 691 877 famae,
713 807 765 869 uti
785 806 911 869 baroni
931 805 1110 886 Hormayr

282 943 318 994 et
344 931 437 1013 patri
464 929 681 1013 philologiae
709 928 864 990 slavicae
890 926 1109 1007 Dobrovsky

280 1063 401 1116 notum
415 1063 452 1115 et
462 1052 672 1114 familiarem
684 1051 813 1113 fecere.
831 1049 947 1130 Quum
960 1049 994 1111 in
1007 1068 1110 1131 prae·

279 1175 490 1239 lectionibus
507 1174 579 1236 suis
595 1172 772 1235 historicis
784 1180 975 1252 angustum
988 1181 1025 1234 et
1036 1190 1109 1233 mo·

278 1298 406 1360 lestum
424 1296 475 1358 illi
491 1305 588 1358 esset
611 1294 661 1356 uti
682 1293 780 1355 libris
804 1293 1037 1375 praescriptis
1057 1302 1109 1355 at·

280 1439 348 1500 que
372 1418 467 1480 acies
491 1416 626 1499 ingenii
648 1416 701 1478 sui
721 1417 786 1478 hos
810 1435 880 1477 non
905 1415 1109 1477 commodos

278 1541 508 1622 perspiceret,
515 1537 775 1619 praelectiones
784 1537 947 1619 proprias
956 1537 991 1599 in
1001 1556 1108 1598 unum

278 1662 447 1724 collectas
463 1680 526 1722 seu
542 1660 670 1721 librum
691 1660 735 1721 de
754 1659 901 1721 historia
917 1658 1109 1720 universali

279 1783 478 1864 (Lehrbuch
497 1784 560 1843 der
573 1781 810 1862 allgemeinen
818 1780 1106 1863 Weltgeschich·

1192 683 1345 744 vendam
1358 681 1544 744 scientiam
1556 681 1785 764 antiquitatis
1793 683 1937 748 Hafniae
1945 698 1994 751 etc.

1189 804 1230 866 In
1247 803 1421 867 electione
1442 803 1585 866 abbatis
1606 824 1700 867 anno
1726 809 1807 868 1832
1832 809 1996 871 secundum

1189 926 1317 989 meruit
1331 927 1447 989 locum
1456 926 1592 1008 Wolny
1609 926 1701 990 inter
1713 928 1920 990 candidatos
1931 950 1995 1011 qua-

1190 1059 1281 1129 tuor,
1301 1049 1397 1111 votis
1417 1049 1486 1131 ipsi
1510 1047 1804 1131 suffragantibus.
1829 1048 1913 1112 Cum
1933 1071 1997 1114 vero

1189 1168 1407 1233 labefactata
1426 1171 1606 1233 laboraret
1621 1171 1842 1252 valetudine,
1862 1172 1927 1235 iam
1945 1174 1997 1254 pri-

1190 1293 1271 1354 dem
1287 1292 1400 1373 petiit,
1418 1305 1457 1356 ut
1471 1293 1540 1355 sibi
1557 1295 1704 1356 daretur
1719 1294 1898 1356 absolutio
1910 1315 1929 1356 a
1940 1297 1997 1376 phi-

1189 1413 1321 1495 lologia
1350 1415 1527 1496 docenda,
1555 1415 1612 1477 cui
1642 1415 1760 1477 minus
1793 1414 1949 1498 favebat,
1972 1427 1999 1478 et

1189 1534 1351 1615 quamvis
1370 1535 1520 1616 proinde
1542 1555 1671 1598 novum
1694 1536 1889 1600 accidisset
1902 1558 1999 1600 mona-

1188 1656 1298 1718 sterio
1314 1657 1569 1739 Raigradiensi
1593 1678 1682 1721 onus
1705 1661 1930 1722 sustentandi
1946 1671 1999 1722 ter-

1187 1777 1275 1840 tium
1291 1778 1434 1841 Brunae
1447 1780 1697 1862 professorem,
1711 1781 1809 1844 votis
1819 1792 1933 1845 tamen
1944 1782 1999 1844 lac-

277 1907 342 1984 te),
362 1903 541 1984 Viennae,
568 1908 665 1983 1830,
690 1902 787 1984 typis
812 1901 934 1963 edidit.
969 1901 1106 1963 Eodem
1187 1909 1262 1962 tum
1277 1900 1405 1964 fuisset
1421 1903 1508 1965 satis
1521 1904 1587 1966 viri
1600 1904 1745 1967 omnino
1758 1905 2000 1969 meritissimiet

276 2046 369 2088 anno
400 2026 589 2087 maximam
618 2024 801 2086 Moraviae
832 2033 971 2106 partem
1004 2042 1106 2104 pera·

275 2147 408 2231 gravit,
440 2147 571 2228 ubique
599 2148 755 2209 locorum
783 2149 828 2209 ad
857 2166 980 2228 opera,
1012 2166 1105 2228 quae

275 2273 438 2352 parabat,
460 2270 586 2331 silvam
603 2289 717 2332 rerum
734 2270 859 2331 sedula
881 2289 988 2331 manu
1012 2288 1105 2331 com-

273 2412 404 2474 parans
418 2400 525 2472 atque
535 2392 703 2454 continua
715 2391 864 2453 fontium
874 2392 1105 2473 indagatione

273 2488 502 2596 epistolarum
519 2533 633 2594 aeque
654 2533 696 2575 ac
717 2513 889 2576 sermonis
904 2515 1104 2595 praesentis

1186 2043 1295 2105 opere
1312 2024 1460 2107 insignis
1476 2035 1512 2088 et
1528 2046 1593 2108 pro
1606 2027 1725 2109 patria
1742 2029 1998 2111 occupatissimi

1187 2145 1216 2207 si
1232 2146 1415 2209 individua
1432 2148 1560 2211 idonea
1576 2148 1780 2213 adfuissent
1793 2171 1859 2232 pro
1872 2152 2000 2233 disposi-

1186 2268 1292 2332 tione.
1316 2269 1356 2331 In
1372 2272 1465 2332 hunc
1482 2269 1586 2333 finem
1607 2272 1678 2334 iam
1695 2292 1792 2335 anno
1814 2278 1892 2336 1838
1908 2274 1944 2336 P.
1957 2274 1998 2335 la·

1186 2392 1296 2453 cobus
1314 2389 1511 2455 Schneider
1530 2412 1569 2455 se
1590 2413 1655 2474 pro
1677 2397 1853 2457 cathedra
1871 2396 1997 2476 philolo

1185 2512 1268 2594 giae
1284 2515 1527 2596 praeparavit,
1546 2534 1592 2577 ex
1610 2535 1726 2598 eaque
1744 2518 1854 2580 etiam
1870 2537 1997 2580 examen

272 2655 436 2698 connexu
457 2655 536 2697 cum
553 2635 638 2698 viris
658 2635 853 2716 praeclaris
874 2635 1104 2718 historiogra·
1143 2574 1147 2743 1
1184 2633 1220 2695 111
1241 2635 1474 2699 universitate
1496 2637 1629 2700 subivit
1646 2639 1818 2702 eminenti
1841 2660 1917 2703 cum
1935 2660 1997 2723 pro

271 2758 360 2839 phis,
377 2757 587 2839 Hormayer‚
610 2758 731 2838 Knoll,
754 2757 878 2820 Bocek
894 2777 936 2820 ac
953 2757 1105 2820 Richter
1142 2748 1145 2837 1
1183 2776 1320 2838 gressu.
1357 2758 1427 2819 Ast
1454 2758 1646 2840 impeditus
1673 2760 1898 2841 infirmitate,
1923 2781 1995 2843 quae

271 2888 338 2940 etc.
367 2879 509 2940 modum
532 2878 664 2959 optime
692 2888 921 2960 perspectum
945 2880 1103 2940 habebat
1141 2840 1144 2989 1
1183 2879 1438 2959 occupationes
1469 2880 1662 2944 litterarias
1694 2883 1940 2964 dissuadebat,
1966 2884 1994 2945 P.

271 3019 341 3081 quo
358 3001 516 3062 collectis
533 3010 701 3081 uteretur,
719 3001 841 3081 sicque
857 3001 958 3062 annis
979 3005 1104 3062 1835-
1141 2994 1144 3098 j
1183 2998 1378 3083 Gregorius
1391 3022 1480 3064 onus
1494 3002 1600 3066 oflicii
1614 3005 1709 3066 ultra
1722 3005 1900 3069 sustinere
1910 3025 1995 3088 coge

275 3126 353 3199 1842
384 3141 474 3204 opus
507 3122 595 3202 „Die
622 3122 927 3205 Markgrafschaft
953 3124 1102 3185 Miihren
1141 3109 1144 3209 1
1180 3123 1297 3203 batur,
1321 3124 1435 3186 donec
1459 3125 1560 3186 Beda
1582 3125 1716 3206 Dudlk,
1745 3136 1832 3189 tunc
1858 3129 1994 3217 clericus.

271 3244 568 3326 topographisch,
596 3244 794 3307 statistisch
817 3246 889 3307 und
914 3246 1102 3308 historisch
1182 3244 1301 3305 studia
1327 3246 1530 3327 theologica
1558 3248 1771 3320 absolverit;
1800 3252 1894 3330 quod
1920 3267 1993 3310 anno

269 3365 507 3448 geschildert“
533 3376 648 3428 ortum
673 3378 736 3429 est.
765 3366 807 3429 In
830 3369 953 3448 hocce,
978 3369 1013 3429 in
1036 3389 1101 3430 sex
1185 3369 1267 3444 1840
1283 3367 1424 3447 accidit,
1445 3377 1481 3428 et
1502 3367 1595 3430 illico
1617 3368 1742 3431 Dudlk
1768 3371 1848 3433 1000
1871 3373 1908 3434 P.
1924 3370 1992 3434 Gre-

269 3497 385 3550 tomos
402 3489 597 3550 secundum
619 3509 685 3551 sex
709 3497 792 3551 tunc
814 3489 1011 3552 existentes
1036 3491 1100 3553 cir·
1180 3488 1271 3569 gorii
1296 3490 1500 3551 cathedram
1524 3490 1780 3572 philologicam
1809 3493 1991 3555 conscendit

267 3610 365 3672 culos
379 3611 571 3672 distributo
589 3631 708 3692 opere,
720 3612 885 3673 dedicato
897 3612 1099 3675 Maecenati
1181 3631 1251 3691 qua
1268 3612 1439 3691 supplens
1456 3610 1656 3692 provisorio
1679 3615 1787 3676 modo
1811 3635 1876 3696 pro
1895 3616 1989 3678 futuro

268 3752 341 3813 5110,
359 3753 525 3814 supremo
543 3733 775 3795 cancellariae
789 3753 978 3795 caesareae
995 3754 1098 3815 prae·
1180 3753 1273 3795 anno
1290 3733 1504 3796 scholastico
1525 3738 1615 3811 1841.
1640 3735 1681 3798 P.
1696 3733 1892 3818 Gregorius
1906 3740 1986 3798 abso·

265 3853 372 3934 10010,
390 3855 548 3916 Α11101110
568 3854 772 3917 Friederico
794 3855 913 3916 comiti
935 3855 1099 3917 Mittrov·
1138 3854 1141 3965 1
1178 3857 1274 3917 lutus
1290 3856 1462 3918 hactenus
1479 3876 1500 3917 a
1517 3855 1726 3938 professura
1744 3860 1947 3942 philologiae
1958 3872 1984 3918 et

266 3977 555 4057 skv,accuratam
565 3976 1098 4039 marchionatusMoraviaestu-
1137 3971 1140 4093 1
1178 3988 1362 4039 reservata
1386 3978 1453 4040 sibi
1479 3979 1555 4040 sola
1570 3979 1720 4041 historia
1736 3981 1920 4044 universali
1937 3982 1982 4040 de

267 4098 333 4159 diis
351 4109 593 4179 comparatam
606 4098 790 4161 scientiam
804 4098 1006 4160 historicam
1018 4100 1097 4161 luce
1136 4102 1139 4175 j
1180 4101 1302 4168 cenda,
1319 4100 1400 4180 plus
1416 4100 1565 4181 perinde
1583 4111 1712 4163 nactus
1729 4115 1786 4166 est
1802 4104 1863 4166 otii
1879 4104 1982 4165 1110011-

1136 4198 1139 4223 Ι

1137 4238 1139 4251 r

266 4218 395 4280 clarius
423 4218 558 4300 Wolny
582 4221 752 4292 ostendit;
776 4221 922 4282 meritus
948 4220 1096 4301 proinde
1136 4263 1139 4367 ,
1180 4221 1355 4284 cinnanda
1372 4232 1408 4284 et
1425 4224 1666 4285 elucubranda
1683 4227 1916 4308 topographia
1925 4223 1980 4285 110·

265 4339 351 4419 iure,
373 4350 412 4402 ut
427 4341 535 4402 variis
552 4341 786 4403 societatibus
802 4341 1018 4404 eruditorum
1036 4343 1096 4402 ad·
1136 4372 1139 4479 ,
1178 4344 1308 4406 raviae.
1333 4343 1398 4405 Est
1415 4353 1533 4406 autem
1551 4364 1641 4426 opus
1658 4347 1738 4426 1100,
1756 4349 1801 4409 de
1818 4367 1884 4429 quo
1898 4362 1979 4426 supra

265 4471 517 4525 numeraretur.
554 4461 613 4524 Sic
634 4463 702 4523 iam
720 4483 812 4525 anno
833 4468 911 4525 1822
931 4463 1096 4526 Calendis
1177 4467 1246 4528 iam
1264 4465 1428 4547 diximuS,
1446 4467 1587 4529 omnino
1603 4467 1757 4550 insigne,
1774 4479 1916 4548 vastum,
1928 4466 1979 4548 pri·

267 4582 400 4663 Aprilis
417 4583 509 4645 inter
524 4583 710 4665 primarios
723 4604 816 4647 caes
827 4605 899 4668 reg.
914 4587 1096 4648 societatis

1177 4608 1282 4669 mum,
1307 4590 1402 4670 quod
1421 4590 1604 4670 hucusque
1626 4600 1730 4652 extat
1747 4591 1782 4653 in
1798 4589 1942 4653 Moravia
1954 4587 1977 4646 in

264 4707 528 4785 promovendae
545 4705 596 4766 rei
609 4706 771 4787 agrariae
785 4717 839 4769 est
848 4708 1017 4788 adscitus,
1031 4728 1096 4790 per
1135 4664 1138 4813 1
1175 4712 1242 4772 hoc
1259 4730 1392 4792 genere
1405 4713 1630 4792 completum,
1644 4732 1725 4774 cum
1739 4716 1856 4794 quoad
1869 4723 1977 4794 partem

264 4826 440 4888 celebrem
469 4826 591 4888 Chmel
623 4848 841 4910 magnopere
873 4832 1094 4891 commenda·
1134 4818 1136 4875 1
1176 4832 1379 4894 historicam
1392 4833 1485 4895 ultra
1500 4853 1583 4912 7000
1596 4834 1842 4916 instrumenta,
1859 4848 1977 4915 quorun

263 4959 334 5016 tus;
359 4949 405 5008 ad
423 4970 472 5026 29.
490 4951 578 5029 Apr.
600 4950 945 5026 1840111111011111111111
966 4955 1011 5014 ad
1033 4955 1094 5014 ho·

262 5088 366 5130 nores
391 5089 460 5130 500.
486 5071 598 5132 11111501
623 5071 762 5151 patriae
785 5092 850 5153 per
874 5074 1092 5156 Bohemiam,

262 5191 387 5251 eodem
417 5196 443 5253 8.
473 5191 559 5253 Maii
587 5196 781 5255 membrum
809 5198 1092 5277 correspondens

262 5331 333 5373 soc.
351 5313 541 5375 historicae
558 5314 593 5375 in
606 5317 849 5379 marchionatu
862 5318 1091 5380 Brandobur-

1133 4970 1136 5061 j
1175 4955 1327 5036 plurima
1354 4954 1536 5035 incognita
1563 4965 1599 5016 et
1629 4966 1804 5036 excerpta
1832 4977 1851 5018 e
1876 4951 1977 5017 tabulis

1132 5074 1135 5135 i
1174 5076 1372 5157 Moraviae,
1397 5095 1545 5157 quorum
1571 5097 1634 5138 200
1654 5076 1715 5139 fol.
1741 5098 1844 5140 nemo
1867 5071 1977 5138 histori-

1174 5217 1292 5260 corum
1309 5199 1492 5278 hucusque
1514 5218 1619 5260 manu
1636 5209 1710 5260 tam
1732 5201 1874 5261 assidua
1895 5206 1925 5258 et
1941 5192 1977 5253 11·

1172 5320 1235 5402 gili
1251 5320 1412 5400 revolvit,
1436 5319 1569 5400 publici
1592 5319 1743 5400 perinde
1765 5321 1850 5382 iuris
1869 5314 1975 5381 fecerit.

261 5434 376 5515 gensi,
394 5440 444 5496 31.
463 5434 542 5500 Oct.
565 5441 645 5515 1844
662 5457 733 5500 soc.
750 5440 871 5521 regiae
888 5443 934 5502 ad
951 5461 1090 5523 promo·
1128 5396 1132 5494 1
1171 5441 1359 5505 Innumera
1379 5461 1521 5525 quoque
1542 5442 1788 5523 manuscripta
1808 5444 1941 5505 collecta
1953 5432 1976 5494 ri
