<?xml version="1.0" encoding="UTF-8"?>
<!DOCTYPE html PUBLIC "-//W3C//DTD XHTML 1.0 Transitional//EN"
    "http://www.w3.org/TR/xhtml1/DTD/xhtml1-transitional.dtd">
<html xmlns="http://www.w3.org/1999/xhtml" xml:lang="en" lang="en">
 <head>
  <title>
</title>
<meta http-equiv="Content-Type" content="text/html;charset=utf-8" />
  <meta name='ocr-system' content='tesseract 3.04.00' />
  <meta name='ocr-capabilities' content='ocr_page ocr_carea ocr_par ocr_line ocrx_word'/>
</head>
<body>
  <div class='ocr_page' id='page_1' title='image "./scriptoresordin00benegoog_0103.png"; bbox 0 0 4088 6270; ppageno 0'>
   <div class='ocr_carea' id='block_1_1' title="bbox 901 452 1143 516">
    <p class='ocr_par' dir='ltr' id='par_1_1' title="bbox 901 452 1143 516">
     <span class='ocr_line' id='line_1_1' title="bbox 901 452 1143 516; baseline -0.004 -15"><span class='ocrx_word' id='word_1_1' title='bbox 901 452 1143 516; x_wconf 57' lang='lat' dir='ltr'>„XC-</span> 
     </span>
    </p>
   </div>
   <div class='ocr_carea' id='block_1_2' title="bbox 753 681 1350 975">
    <p class='ocr_par' dir='ltr' id='par_1_2' title="bbox 753 681 1350 975">
     <span class='ocr_line' id='line_1_2' title="bbox 754 681 1230 758; baseline 0.002 -20"><span class='ocrx_word' id='word_1_2' title='bbox 754 684 787 739; x_wconf 93' lang='lat' dir='ltr'>ln</span> <span class='ocrx_word' id='word_1_3' title='bbox 812 683 928 758; x_wconf 83' lang='lat' dir='ltr'>figuren</span> <span class='ocrx_word' id='word_1_4' title='bbox 951 683 1004 739; x_wconf 91' lang='lat' dir='ltr'>das</span> <span class='ocrx_word' id='word_1_5' title='bbox 1027 681 1230 750; x_wconf 85' lang='lat' dir='ltr'>beczaichent‚</span> 
     </span>
     <span class='ocr_line' id='line_1_3' title="bbox 753 794 1243 871; baseline -0.006 -19"><span class='ocrx_word' id='word_1_6' title='bbox 753 796 792 852; x_wconf 94' lang='lat' dir='ltr'>do</span> <span class='ocrx_word' id='word_1_7' title='bbox 815 815 907 871; x_wconf 81' lang='lat' dir='ltr'>ysaac</span> <span class='ocrx_word' id='word_1_8' title='bbox 930 796 984 852; x_wconf 90' lang='lat' dir='ltr'>das</span> <span class='ocrx_word' id='word_1_9' title='bbox 1008 795 1096 871; x_wconf 90' lang='lat' dir='ltr'>opfer</span> <span class='ocrx_word' id='word_1_10' title='bbox 1119 794 1243 860; x_wconf 86' lang='lat' dir='ltr'>raichet‚</span> 
     </span>
     <span class='ocr_line' id='line_1_4' title="bbox 753 905 1350 975; baseline -0.003 -10"><span class='ocrx_word' id='word_1_11' title='bbox 753 907 916 965; x_wconf 90' lang='lat' dir='ltr'>osterlamb</span> <span class='ocrx_word' id='word_1_12' title='bbox 940 908 994 964; x_wconf 89' lang='lat' dir='ltr'>das</span> <span class='ocrx_word' id='word_1_13' title='bbox 1017 907 1093 964; x_wconf 88' lang='lat' dir='ltr'>auch</span> <span class='ocrx_word' id='word_1_14' title='bbox 1117 905 1350 975; x_wconf 85' lang='lat' dir='ltr'>beschwaichet,</span> 
     </span>
    </p>
   </div>
   <div class='ocr_carea' id='block_1_3' title="bbox 754 1020 1309 1096">
    <p class='ocr_par' dir='ltr' id='par_1_3' title="bbox 754 1020 1309 1096">
     <span class='ocr_line' id='line_1_5' title="bbox 754 1020 1309 1096; baseline -0.002 -20"><span class='ocrx_word' id='word_1_15' title='bbox 754 1021 954 1096; x_wconf 87' lang='lat' dir='ltr'>hymmelprot</span> <span class='ocrx_word' id='word_1_16' title='bbox 978 1034 1053 1077; x_wconf 83' lang='lat' dir='ltr'>wart</span> <span class='ocrx_word' id='word_1_17' title='bbox 1076 1026 1181 1076; x_wconf 76' lang='lat' dir='ltr'>vatern</span> <span class='ocrx_word' id='word_1_18' title='bbox 1205 1020 1309 1076; x_wconf 64' lang='grc' dir='ltr'>1111111.α</span> 
     </span>
    </p>
   </div>
   <div class='ocr_carea' id='block_1_4' title="bbox 156 1206 1753 3188">
    <p class='ocr_par' dir='ltr' id='par_1_4' title="bbox 156 1206 1753 1828">
     <span class='ocr_line' id='line_1_6' title="bbox 286 1206 1752 1290; baseline -0.001 -19"><span class='ocrx_word' id='word_1_19' title='bbox 286 1209 386 1290; x_wconf 82' lang='lat' dir='ltr'>Quae</span> <span class='ocrx_word' id='word_1_20' title='bbox 410 1210 455 1271; x_wconf 91' lang='lat' dir='ltr'>ad</span> <span class='ocrx_word' id='word_1_21' title='bbox 478 1209 610 1271; x_wconf 91' lang='lat' dir='ltr'>cultum</span> <span class='ocrx_word' id='word_1_22' title='bbox 634 1208 674 1270; x_wconf 88' lang='lat' dir='ltr'>B.</span> <span class='ocrx_word' id='word_1_23' title='bbox 691 1207 739 1269; x_wconf 88' lang='lat' dir='ltr'>M.</span> <span class='ocrx_word' id='word_1_24' title='bbox 755 1206 798 1270; x_wconf 92' lang='lat' dir='ltr'>V.</span> <span class='ocrx_word' id='word_1_25' title='bbox 822 1208 1102 1288; x_wconf 91' lang='lat' dir='ltr'>promovendum</span> <span class='ocrx_word' id='word_1_26' title='bbox 1125 1215 1290 1287; x_wconf 89' lang='lat' dir='ltr'>spectant</span> <span class='ocrx_word' id='word_1_27' title='bbox 1313 1206 1479 1285; x_wconf 81' lang='lat' dir='ltr'>carmina,</span> <span class='ocrx_word' id='word_1_28' title='bbox 1508 1207 1636 1286; x_wconf 89' lang='lat' dir='ltr'>partim</span> <span class='ocrx_word' id='word_1_29' title='bbox 1661 1226 1707 1270; x_wconf 86' lang='lat' dir='ltr'>ex</span> <span class='ocrx_word' id='word_1_30' title='bbox 1731 1225 1752 1270; x_wconf 87' lang='lat' dir='ltr'>a</span> 
     </span>
     <span class='ocr_line' id='line_1_7' title="bbox 156 1344 1752 1430; baseline -0.002 -19"><span class='ocrx_word' id='word_1_31' title='bbox 156 1350 338 1429; x_wconf 86' lang='lat' dir='ltr'>translata,</span> <span class='ocrx_word' id='word_1_32' title='bbox 361 1348 490 1430; x_wconf 89' lang='lat' dir='ltr'>partim</span> <span class='ocrx_word' id='word_1_33' title='bbox 513 1349 559 1409; x_wconf 91' lang='lat' dir='ltr'>ab</span> <span class='ocrx_word' id='word_1_34' title='bbox 583 1345 670 1427; x_wconf 92' lang='lat' dir='ltr'>ipsis</span> <span class='ocrx_word' id='word_1_35' title='bbox 693 1345 925 1427; x_wconf 89' lang='lat' dir='ltr'>scriptoribus</span> <span class='ocrx_word' id='word_1_36' title='bbox 949 1344 1145 1426; x_wconf 91' lang='lat' dir='ltr'>composita</span> <span class='ocrx_word' id='word_1_37' title='bbox 1169 1363 1339 1406; x_wconf 90' lang='lat' dir='ltr'>summam</span> <span class='ocrx_word' id='word_1_38' title='bbox 1363 1354 1399 1407; x_wconf 91' lang='lat' dir='ltr'>et</span> <span class='ocrx_word' id='word_1_39' title='bbox 1422 1344 1752 1426; x_wconf 78' lang='lat' dir='ltr'>impensissimamv</span> 
     </span>
     <span class='ocr_line' id='line_1_8' title="bbox 157 1481 1752 1564; baseline -0.003 -14"><span class='ocrx_word' id='word_1_40' title='bbox 157 1489 287 1551; x_wconf 89' lang='lat' dir='ltr'>tionem</span> <span class='ocrx_word' id='word_1_41' title='bbox 311 1487 470 1548; x_wconf 89' lang='lat' dir='ltr'>tribuunt</span> <span class='ocrx_word' id='word_1_42' title='bbox 493 1484 745 1548; x_wconf 87' lang='lat' dir='ltr'>Immaculatae</span> <span class='ocrx_word' id='word_1_43' title='bbox 768 1482 836 1545; x_wconf 86' lang='lat' dir='ltr'>Dei</span> <span class='ocrx_word' id='word_1_44' title='bbox 858 1481 1022 1564; x_wconf 85' lang='lat' dir='ltr'>genitrici</span> <span class='ocrx_word' id='word_1_45' title='bbox 1050 1482 1274 1563; x_wconf 81' lang='lat' dir='ltr'>maximeque</span> <span class='ocrx_word' id='word_1_46' title='bbox 1304 1485 1496 1544; x_wconf 90' lang='lat' dir='ltr'>ostendunt</span> <span class='ocrx_word' id='word_1_47' title='bbox 1522 1485 1752 1546; x_wconf 91' lang='lat' dir='ltr'>monachorur</span> 
     </span>
     <span class='ocr_line' id='line_1_9' title="bbox 157 1620 1753 1708; baseline -0.003 -19"><span class='ocrx_word' id='word_1_48' title='bbox 157 1638 272 1689; x_wconf 92' lang='lat' dir='ltr'>tarum</span> <span class='ocrx_word' id='word_1_49' title='bbox 306 1625 496 1708; x_wconf 83' lang='lat' dir='ltr'>ingenium.</span> <span class='ocrx_word' id='word_1_50' title='bbox 546 1621 756 1704; x_wconf 84' lang='lat' dir='ltr'>Exemplum</span> <span class='ocrx_word' id='word_1_51' title='bbox 795 1622 841 1684; x_wconf 93' lang='lat' dir='ltr'>sit</span> <span class='ocrx_word' id='word_1_52' title='bbox 875 1621 988 1703; x_wconf 91' lang='lat' dir='ltr'>prima</span> <span class='ocrx_word' id='word_1_53' title='bbox 1022 1623 1168 1702; x_wconf 88' lang='lat' dir='ltr'>stropha</span> <span class='ocrx_word' id='word_1_54' title='bbox 1203 1620 1385 1683; x_wconf 85' lang='lat' dir='ltr'>carminis:</span> <span class='ocrx_word' id='word_1_55' title='bbox 1427 1623 1521 1702; x_wconf 84' lang='lat' dir='ltr'>„Das</span> <span class='ocrx_word' id='word_1_56' title='bbox 1557 1622 1636 1685; x_wconf 86' lang='lat' dir='ltr'>Ave</span> <span class='ocrx_word' id='word_1_57' title='bbox 1673 1623 1753 1685; x_wconf 86' lang='lat' dir='ltr'>Mar</span> 
     </span>
     <span class='ocr_line' id='line_1_10' title="bbox 158 1764 336 1828; baseline 0 -1"><span class='ocrx_word' id='word_1_58' title='bbox 158 1764 336 1828; x_wconf 77' lang='lat' dir='ltr'>munich“:</span> 
     </span>
    </p>

    <p class='ocr_par' dir='ltr' id='par_1_5' title="bbox 755 1877 1151 1951">
     <span class='ocr_line' id='line_1_11' title="bbox 755 1877 1151 1951; baseline -0.003 -19"><span class='ocrx_word' id='word_1_59' title='bbox 755 1877 868 1948; x_wconf 81' lang='lat' dir='ltr'>„Maria</span> <span class='ocrx_word' id='word_1_60' title='bbox 891 1877 937 1951; x_wconf 90' lang='lat' dir='ltr'>pis</span> <span class='ocrx_word' id='word_1_61' title='bbox 961 1890 1151 1950; x_wconf 88' lang='lat' dir='ltr'>gegruezzet,</span> 
     </span>
    </p>

    <p class='ocr_par' dir='ltr' id='par_1_6' title="bbox 751 1989 1274 2065">
     <span class='ocr_line' id='line_1_12' title="bbox 751 1989 1274 2065; baseline 0 -20"><span class='ocrx_word' id='word_1_62' title='bbox 751 1989 820 2045; x_wconf 90' lang='lat' dir='ltr'>dein</span> <span class='ocrx_word' id='word_1_63' title='bbox 843 2002 940 2044; x_wconf 90' lang='lat' dir='ltr'>zarter</span> <span class='ocrx_word' id='word_1_64' title='bbox 963 1989 1183 2065; x_wconf 83' lang='lat' dir='ltr'>bochgelopter</span> <span class='ocrx_word' id='word_1_65' title='bbox 1207 2008 1274 2045; x_wconf 91' lang='lat' dir='ltr'>nam</span> 
     </span>
    </p>

    <p class='ocr_par' dir='ltr' id='par_1_7' title="bbox 750 2100 1165 2175">
     <span class='ocr_line' id='line_1_13' title="bbox 750 2100 1165 2175; baseline 0 -19"><span class='ocrx_word' id='word_1_66' title='bbox 750 2119 807 2156; x_wconf 83' lang='lat' dir='ltr'>ror</span> <span class='ocrx_word' id='word_1_67' title='bbox 830 2101 908 2156; x_wconf 89' lang='lat' dir='ltr'>allen</span> <span class='ocrx_word' id='word_1_68' title='bbox 931 2100 1040 2175; x_wconf 86' lang='lat' dir='ltr'>dingen</span> <span class='ocrx_word' id='word_1_69' title='bbox 1064 2109 1165 2157; x_wconf 77' lang='lat' dir='ltr'>slizzet</span> 
     </span>
    </p>

    <p class='ocr_par' dir='ltr' id='par_1_8' title="bbox 751 2213 1102 2288">
     <span class='ocr_line' id='line_1_14' title="bbox 751 2213 1102 2288; baseline 0.006 -20"><span class='ocrx_word' id='word_1_70' title='bbox 751 2213 790 2269; x_wconf 94' lang='lat' dir='ltr'>du</span> <span class='ocrx_word' id='word_1_71' title='bbox 812 2213 899 2288; x_wconf 77' lang='lat' dir='ltr'>sdlge</span> <span class='ocrx_word' id='word_1_72' title='bbox 923 2213 1102 2288; x_wconf 88' lang='lat' dir='ltr'>hymelport.</span> 
     </span>
    </p>

    <p class='ocr_par' dir='ltr' id='par_1_9' title="bbox 751 2325 1371 2607">
     <span class='ocr_line' id='line_1_15' title="bbox 751 2325 1371 2400; baseline -0.003 -18"><span class='ocrx_word' id='word_1_73' title='bbox 751 2326 826 2382; x_wconf 88' lang='lat' dir='ltr'>Wer</span> <span class='ocrx_word' id='word_1_74' title='bbox 849 2327 951 2383; x_wconf 78' lang='lat' dir='ltr'>mdcht</span> <span class='ocrx_word' id='word_1_75' title='bbox 974 2325 1042 2382; x_wconf 82' lang='lat' dir='ltr'>dein</span> <span class='ocrx_word' id='word_1_76' title='bbox 1066 2325 1116 2382; x_wconf 90' lang='lat' dir='ltr'>lob</span> <span class='ocrx_word' id='word_1_77' title='bbox 1141 2325 1371 2400; x_wconf 82' lang='lat' dir='ltr'>durehgriinden</span> 
     </span>
     <span class='ocr_line' id='line_1_16' title="bbox 751 2437 1356 2513; baseline 0 -20"><span class='ocrx_word' id='word_1_78' title='bbox 751 2437 835 2494; x_wconf 88' lang='lat' dir='ltr'>seind</span> <span class='ocrx_word' id='word_1_79' title='bbox 858 2452 913 2512; x_wconf 91' lang='lat' dir='ltr'>got</span> <span class='ocrx_word' id='word_1_80' title='bbox 936 2456 996 2494; x_wconf 83' lang='lat' dir='ltr'>von</span> <span class='ocrx_word' id='word_1_81' title='bbox 1018 2437 1117 2513; x_wconf 76' lang='lat' dir='ltr'>hymel</span> <span class='ocrx_word' id='word_1_82' title='bbox 1141 2457 1176 2492; x_wconf 92' lang='lat' dir='ltr'>zu</span> <span class='ocrx_word' id='word_1_83' title='bbox 1200 2437 1245 2493; x_wconf 93' lang='lat' dir='ltr'>dir</span> <span class='ocrx_word' id='word_1_84' title='bbox 1268 2456 1356 2512; x_wconf 88' lang='lat' dir='ltr'>quam</span> 
     </span>
     <span class='ocr_line' id='line_1_17' title="bbox 754 2549 1229 2607; baseline -0.002 -1"><span class='ocrx_word' id='word_1_85' title='bbox 754 2549 813 2606; x_wconf 89' lang='lat' dir='ltr'>und</span> <span class='ocrx_word' id='word_1_86' title='bbox 837 2569 892 2606; x_wconf 93' lang='lat' dir='ltr'>uns</span> <span class='ocrx_word' id='word_1_87' title='bbox 916 2550 1009 2605; x_wconf 89' lang='lat' dir='ltr'>erlost</span> <span class='ocrx_word' id='word_1_88' title='bbox 1032 2569 1093 2607; x_wconf 80' lang='lat' dir='ltr'>ron</span> <span class='ocrx_word' id='word_1_89' title='bbox 1116 2550 1229 2607; x_wconf 83' lang='lat' dir='ltr'>siinden</span> 
     </span>
    </p>

    <p class='ocr_par' dir='ltr' id='par_1_10' title="bbox 751 2661 1225 2719">
     <span class='ocr_line' id='line_1_18' title="bbox 751 2661 1225 2719; baseline 0.004 -2"><span class='ocrx_word' id='word_1_90' title='bbox 751 2662 844 2718; x_wconf 91' lang='lat' dir='ltr'>durch</span> <span class='ocrx_word' id='word_1_91' title='bbox 867 2661 935 2718; x_wconf 90' lang='lat' dir='ltr'>dich</span> <span class='ocrx_word' id='word_1_92' title='bbox 959 2661 1017 2717; x_wconf 81' lang='lat' dir='ltr'>viel</span> <span class='ocrx_word' id='word_1_93' title='bbox 1042 2663 1124 2719; x_wconf 87' lang='lat' dir='ltr'>edler</span> <span class='ocrx_word' id='word_1_94' title='bbox 1147 2663 1225 2719; x_wconf 90' lang='lat' dir='ltr'>hort.</span> 
     </span>
    </p>

    <p class='ocr_par' dir='ltr' id='par_1_11' title="bbox 750 2774 1333 2962">
     <span class='ocr_line' id='line_1_19' title="bbox 751 2774 1333 2850; baseline -0.002 -19"><span class='ocrx_word' id='word_1_95' title='bbox 751 2776 798 2831; x_wconf 92' lang='lat' dir='ltr'>Du</span> <span class='ocrx_word' id='word_1_96' title='bbox 822 2777 869 2850; x_wconf 89' lang='lat' dir='ltr'>pis</span> <span class='ocrx_word' id='word_1_97' title='bbox 892 2774 946 2830; x_wconf 86' lang='lat' dir='ltr'>der</span> <span class='ocrx_word' id='word_1_98' title='bbox 968 2793 1037 2848; x_wconf 87' lang='lat' dir='ltr'>weg</span> <span class='ocrx_word' id='word_1_99' title='bbox 1060 2794 1119 2830; x_wconf 85' lang='lat' dir='ltr'>von</span> <span class='ocrx_word' id='word_1_100' title='bbox 1142 2787 1196 2848; x_wconf 88' lang='lat' dir='ltr'>got</span> <span class='ocrx_word' id='word_1_101' title='bbox 1219 2794 1254 2829; x_wconf 92' lang='lat' dir='ltr'>zu</span> <span class='ocrx_word' id='word_1_102' title='bbox 1279 2793 1333 2830; x_wconf 92' lang='lat' dir='ltr'>uns</span> 
     </span>
     <span class='ocr_line' id='line_1_20' title="bbox 750 2886 1202 2962; baseline 0.002 -20"><span class='ocrx_word' id='word_1_103' title='bbox 750 2886 808 2942; x_wconf 89' lang='lat' dir='ltr'>und</span> <span class='ocrx_word' id='word_1_104' title='bbox 832 2905 892 2942; x_wconf 80' lang='lat' dir='ltr'>ron</span> <span class='ocrx_word' id='word_1_105' title='bbox 917 2906 970 2943; x_wconf 88' lang='lat' dir='ltr'>uns</span> <span class='ocrx_word' id='word_1_106' title='bbox 995 2888 1054 2961; x_wconf 78' lang='lat' dir='ltr'>hyn</span> <span class='ocrx_word' id='word_1_107' title='bbox 1079 2907 1114 2942; x_wconf 94' lang='lat' dir='ltr'>zu</span> <span class='ocrx_word' id='word_1_108' title='bbox 1137 2901 1202 2962; x_wconf 86' lang='lat' dir='ltr'>got.</span> 
     </span>
    </p>

    <p class='ocr_par' dir='ltr' id='par_1_12' title="bbox 747 2999 1404 3188">
     <span class='ocr_line' id='line_1_21' title="bbox 747 2999 1404 3074; baseline -0.002 -18"><span class='ocrx_word' id='word_1_109' title='bbox 747 3001 849 3056; x_wconf 91' lang='lat' dir='ltr'>Durch</span> <span class='ocrx_word' id='word_1_110' title='bbox 873 3000 910 3055; x_wconf 91' lang='lat' dir='ltr'>all</span> <span class='ocrx_word' id='word_1_111' title='bbox 935 3000 974 3074; x_wconf 86' lang='lat' dir='ltr'>dy</span> <span class='ocrx_word' id='word_1_112' title='bbox 998 2999 1056 3057; x_wconf 84' lang='lat' dir='ltr'>lieb</span> <span class='ocrx_word' id='word_1_113' title='bbox 1082 3001 1167 3056; x_wconf 90' lang='lat' dir='ltr'>deins</span> <span class='ocrx_word' id='word_1_114' title='bbox 1191 3014 1309 3056; x_wconf 88' lang='lat' dir='ltr'>trauten</span> <span class='ocrx_word' id='word_1_115' title='bbox 1333 3019 1404 3056; x_wconf 88' lang='lat' dir='ltr'>suns</span> 
     </span>
     <span class='ocr_line' id='line_1_22' title="bbox 747 3112 1216 3188; baseline 0.002 -21"><span class='ocrx_word' id='word_1_116' title='bbox 747 3112 808 3178; x_wconf 85' lang='lat' dir='ltr'>hill,</span> <span class='ocrx_word' id='word_1_117' title='bbox 832 3113 887 3168; x_wconf 91' lang='lat' dir='ltr'>daz</span> <span class='ocrx_word' id='word_1_118' title='bbox 911 3115 965 3169; x_wconf 83' lang='lat' dir='ltr'>wir</span> <span class='ocrx_word' id='word_1_119' title='bbox 988 3113 1027 3188; x_wconf 79' lang='lat' dir='ltr'>hy</span> <span class='ocrx_word' id='word_1_120' title='bbox 1051 3113 1103 3168; x_wconf 89' lang='lat' dir='ltr'>aul</span> <span class='ocrx_word' id='word_1_121' title='bbox 1125 3114 1216 3168; x_wconf 89' lang='lat' dir='ltr'>erden</span> 
     </span>
    </p>
   </div>
   <div class='ocr_carea' id='block_1_5' title="bbox 746 3227 1230 3301">
    <p class='ocr_par' dir='ltr' id='par_1_13' title="bbox 746 3227 1230 3301">
     <span class='ocr_line' id='line_1_23' title="bbox 746 3227 1230 3301; baseline 0.002 -20"><span class='ocrx_word' id='word_1_122' title='bbox 746 3243 807 3281; x_wconf 82' lang='lat' dir='ltr'>von</span> <span class='ocrx_word' id='word_1_123' title='bbox 830 3245 877 3300; x_wconf 78' lang='lat' dir='ltr'>ym</span> <span class='ocrx_word' id='word_1_124' title='bbox 901 3240 1084 3301; x_wconf 87' lang='lat' dir='ltr'>gegruezzet</span> <span class='ocrx_word' id='word_1_125' title='bbox 1109 3227 1230 3282; x_wconf 86' lang='lat' dir='ltr'>werden</span> 
     </span>
    </p>
   </div>
   <div class='ocr_carea' id='block_1_6' title="bbox 748 3338 1099 3414">
    <p class='ocr_par' dir='ltr' id='par_1_14' title="bbox 748 3338 1099 3414">
     <span class='ocr_line' id='line_1_24' title="bbox 748 3338 1099 3414; baseline 0.006 -21"><span class='ocrx_word' id='word_1_126' title='bbox 748 3338 802 3393; x_wconf 88' lang='lat' dir='ltr'>des</span> <span class='ocrx_word' id='word_1_127' title='bbox 827 3341 873 3414; x_wconf 91' lang='lat' dir='ltr'>pis</span> <span class='ocrx_word' id='word_1_128' title='bbox 898 3340 993 3394; x_wconf 86' lang='lat' dir='ltr'>Maria</span> <span class='ocrx_word' id='word_1_129' title='bbox 1017 3343 1099 3414; x_wconf 87' lang='lat' dir='ltr'>pot.“</span> 
     </span>
    </p>
   </div>
   <div class='ocr_carea' id='block_1_7' title="bbox 156 3541 1752 4047">
    <p class='ocr_par' dir='ltr' id='par_1_15' title="bbox 156 3541 1752 4047">
     <span class='ocr_line' id='line_1_25' title="bbox 285 3541 1731 3632; baseline 0.001 -22"><span class='ocrx_word' id='word_1_130' title='bbox 285 3541 505 3629; x_wconf 76' lang='lat' dir='ltr'>Disciplina&#39;e</span> <span class='ocrx_word' id='word_1_131' title='bbox 529 3549 752 3631; x_wconf 85' lang='lat' dir='ltr'>theologicae</span> <span class='ocrx_word' id='word_1_132' title='bbox 777 3551 929 3613; x_wconf 91' lang='lat' dir='ltr'>conditis</span> <span class='ocrx_word' id='word_1_133' title='bbox 952 3550 1144 3613; x_wconf 83' lang='lat' dir='ltr'>academiis</span> <span class='ocrx_word' id='word_1_134' title='bbox 1167 3550 1342 3632; x_wconf 89' lang='lat' dir='ltr'>Pragensi</span> <span class='ocrx_word' id='word_1_135' title='bbox 1366 3561 1402 3612; x_wconf 92' lang='lat' dir='ltr'>et</span> <span class='ocrx_word' id='word_1_136' title='bbox 1423 3549 1693 3612; x_wconf 87' lang='lat' dir='ltr'>Vindobonensi</span> <span class='ocrx_word' id='word_1_137' title='bbox 1710 3551 1731 3630; x_wconf 87' lang='lat'>¹)</span> 
     </span>
     <span class='ocr_line' id='line_1_26' title="bbox 156 3685 1752 3770; baseline 0.001 -22"><span class='ocrx_word' id='word_1_138' title='bbox 156 3685 430 3750; x_wconf 85' lang='lat' dir='ltr'>efflorescebant</span> <span class='ocrx_word' id='word_1_139' title='bbox 453 3708 569 3769; x_wconf 92' lang='lat' dir='ltr'>neque</span> <span class='ocrx_word' id='word_1_140' title='bbox 593 3709 614 3750; x_wconf 90' lang='lat' dir='ltr'>a</span> <span class='ocrx_word' id='word_1_141' title='bbox 636 3688 871 3769; x_wconf 85' lang='lat' dir='ltr'>monasteriis,</span> <span class='ocrx_word' id='word_1_142' title='bbox 889 3709 980 3770; x_wconf 89' lang='lat' dir='ltr'>quae</span> <span class='ocrx_word' id='word_1_143' title='bbox 997 3709 1081 3751; x_wconf 87' lang='lat' dir='ltr'>mox</span> <span class='ocrx_word' id='word_1_144' title='bbox 1105 3709 1184 3751; x_wconf 93' lang='lat' dir='ltr'>cum</span> <span class='ocrx_word' id='word_1_145' title='bbox 1201 3689 1268 3751; x_wconf 90' lang='lat' dir='ltr'>illis</span> <span class='ocrx_word' id='word_1_146' title='bbox 1285 3688 1478 3751; x_wconf 84' lang='lat' dir='ltr'>academiis</span> <span class='ocrx_word' id='word_1_147' title='bbox 1494 3688 1703 3750; x_wconf 90' lang='lat' dir='ltr'>societatem</span> <span class='ocrx_word' id='word_1_148' title='bbox 1725 3687 1752 3749; x_wconf 90' lang='lat' dir='ltr'>ir</span> 
     </span>
     <span class='ocr_line' id='line_1_27' title="bbox 156 3826 1739 3909; baseline 0 -21"><span class='ocrx_word' id='word_1_149' title='bbox 156 3838 258 3888; x_wconf 90' lang='lat' dir='ltr'>erant</span> <span class='ocrx_word' id='word_1_150' title='bbox 281 3826 428 3889; x_wconf 84' lang='lat' dir='ltr'>alienae.</span> <span class='ocrx_word' id='word_1_151' title='bbox 474 3826 666 3889; x_wconf 90' lang='lat' dir='ltr'>Plurimum</span> <span class='ocrx_word' id='word_1_152' title='bbox 689 3847 775 3890; x_wconf 91' lang='lat' dir='ltr'>vero</span> <span class='ocrx_word' id='word_1_153' title='bbox 798 3847 873 3889; x_wconf 92' lang='lat' dir='ltr'>rem</span> <span class='ocrx_word' id='word_1_154' title='bbox 897 3827 1091 3889; x_wconf 85' lang='lat' dir='ltr'>adiuvabat</span> <span class='ocrx_word' id='word_1_155' title='bbox 1115 3835 1274 3889; x_wconf 89' lang='lat' dir='ltr'>correcta</span> <span class='ocrx_word' id='word_1_156' title='bbox 1299 3827 1494 3909; x_wconf 84' lang='lat' dir='ltr'>disciplina,</span> <span class='ocrx_word' id='word_1_157' title='bbox 1520 3847 1588 3907; x_wconf 88' lang='lat' dir='ltr'>qua</span> <span class='ocrx_word' id='word_1_158' title='bbox 1613 3828 1739 3888; x_wconf 91' lang='lat' dir='ltr'>eadem</span> 
     </span>
     <span class='ocr_line' id='line_1_28' title="bbox 157 3965 1752 4047; baseline 0.001 -20"><span class='ocrx_word' id='word_1_159' title='bbox 157 3966 289 4028; x_wconf 91' lang='lat' dir='ltr'>saeculi</span> <span class='ocrx_word' id='word_1_160' title='bbox 311 3966 395 4028; x_wconf 88' lang='lat' dir='ltr'>XV.</span> <span class='ocrx_word' id='word_1_161' title='bbox 421 3966 600 4029; x_wconf 89' lang='lat' dir='ltr'>decenniis</span> <span class='ocrx_word' id='word_1_162' title='bbox 629 3966 794 4029; x_wconf 88' lang='lat' dir='ltr'>alacritas</span> <span class='ocrx_word' id='word_1_163' title='bbox 818 3966 991 4047; x_wconf 88' lang='lat' dir='ltr'>vigorque</span> <span class='ocrx_word' id='word_1_164' title='bbox 1018 3976 1187 4028; x_wconf 84' lang='lat' dir='ltr'>revocata</span> <span class='ocrx_word' id='word_1_165' title='bbox 1215 3978 1298 4028; x_wconf 90' lang='lat' dir='ltr'>sunt</span> <span class='ocrx_word' id='word_1_166' title='bbox 1325 3968 1371 4028; x_wconf 90' lang='lat' dir='ltr'>ad</span> <span class='ocrx_word' id='word_1_167' title='bbox 1399 3966 1553 4028; x_wconf 91' lang='lat' dir='ltr'>studium</span> <span class='ocrx_word' id='word_1_168' title='bbox 1576 3965 1752 4029; x_wconf 88' lang='lat' dir='ltr'>litterarur</span> 
     </span>
    </p>
   </div>
   <div class='ocr_carea' id='block_1_8' title="bbox 156 4104 1751 4186">
    <p class='ocr_par' dir='ltr' id='par_1_16' title="bbox 156 4104 1751 4186">
     <span class='ocr_line' id='line_1_29' title="bbox 156 4104 1751 4186; baseline 0 -20"><span class='ocrx_word' id='word_1_169' title='bbox 156 4107 313 4168; x_wconf 88' lang='lat' dir='ltr'>tandum.</span> <span class='ocrx_word' id='word_1_170' title='bbox 354 4105 451 4167; x_wconf 89' lang='lat' dir='ltr'>Inter</span> <span class='ocrx_word' id='word_1_171' title='bbox 474 4105 630 4167; x_wconf 93' lang='lat' dir='ltr'>eruditos</span> <span class='ocrx_word' id='word_1_172' title='bbox 654 4105 840 4186; x_wconf 86' lang='lat' dir='ltr'>theologos</span> <span class='ocrx_word' id='word_1_173' title='bbox 864 4115 900 4166; x_wconf 91' lang='lat' dir='ltr'>et</span> <span class='ocrx_word' id='word_1_174' title='bbox 924 4105 1114 4184; x_wconf 89' lang='lat' dir='ltr'>scriptores</span> <span class='ocrx_word' id='word_1_175' title='bbox 1129 4106 1151 4184; x_wconf 88' lang='lat'>²)</span> <span class='ocrx_word' id='word_1_176' title='bbox 1176 4105 1279 4167; x_wconf 90' lang='lat' dir='ltr'>huius</span> <span class='ocrx_word' id='word_1_177' title='bbox 1302 4105 1432 4167; x_wconf 90' lang='lat' dir='ltr'>aetatis</span> <span class='ocrx_word' id='word_1_178' title='bbox 1456 4105 1586 4167; x_wconf 91' lang='lat' dir='ltr'>eminet</span> <span class='ocrx_word' id='word_1_179' title='bbox 1602 4104 1751 4167; x_wconf 90' lang='lat' dir='ltr'>Nicolau</span> 
     </span>
    </p>
   </div>
   <div class='ocr_carea' id='block_1_9' title="bbox 156 4243 1752 4325">
    <p class='ocr_par' dir='ltr' id='par_1_17' title="bbox 156 4243 1752 4325">
     <span class='ocr_line' id='line_1_30' title="bbox 156 4243 1752 4325; baseline 0.001 -21"><span class='ocrx_word' id='word_1_180' title='bbox 156 4246 297 4325; x_wconf 77' lang='lat'>—1425)</span> <span class='ocrx_word' id='word_1_181' title='bbox 326 4246 438 4306; x_wconf 90' lang='lat' dir='ltr'>abbas</span> <span class='ocrx_word' id='word_1_182' title='bbox 465 4243 691 4325; x_wconf 85' lang='lat' dir='ltr'>Mellieensis‚</span> <span class='ocrx_word' id='word_1_183' title='bbox 724 4243 783 4325; x_wconf 89' lang='lat' dir='ltr'>qui</span> <span class='ocrx_word' id='word_1_184' title='bbox 815 4244 1064 4306; x_wconf 89' lang='lat' dir='ltr'>monasterium</span> <span class='ocrx_word' id='word_1_185' title='bbox 1097 4264 1198 4306; x_wconf 93' lang='lat' dir='ltr'>suum</span> <span class='ocrx_word' id='word_1_186' title='bbox 1230 4256 1265 4307; x_wconf 93' lang='lat' dir='ltr'>et</span> <span class='ocrx_word' id='word_1_187' title='bbox 1297 4245 1497 4325; x_wconf 85' lang='lat' dir='ltr'>exemplum</span> <span class='ocrx_word' id='word_1_188' title='bbox 1529 4252 1649 4306; x_wconf 89' lang='lat' dir='ltr'>rectae</span> <span class='ocrx_word' id='word_1_189' title='bbox 1678 4244 1752 4306; x_wconf 90' lang='lat' dir='ltr'>disc</span> 
     </span>
    </p>
   </div>
   <div class='ocr_carea' id='block_1_10' title="bbox 159 4382 1752 4465">
    <p class='ocr_par' dir='ltr' id='par_1_18' title="bbox 159 4382 1752 4465">
     <span class='ocr_line' id='line_1_31' title="bbox 159 4382 1752 4465; baseline 0.001 -23"><span class='ocrx_word' id='word_1_190' title='bbox 159 4390 195 4444; x_wconf 89' lang='lat' dir='ltr'>et</span> <span class='ocrx_word' id='word_1_191' title='bbox 217 4382 435 4444; x_wconf 89' lang='lat' dir='ltr'>academiam</span> <span class='ocrx_word' id='word_1_192' title='bbox 459 4382 670 4463; x_wconf 90' lang='lat' dir='ltr'>optimorum</span> <span class='ocrx_word' id='word_1_193' title='bbox 693 4383 941 4465; x_wconf 88' lang='lat' dir='ltr'>magistrorum</span> <span class='ocrx_word' id='word_1_194' title='bbox 965 4384 1129 4447; x_wconf 89' lang='lat' dir='ltr'>reddidit.</span> <span class='ocrx_word' id='word_1_195' title='bbox 1174 4384 1210 4445; x_wconf 92' lang='lat' dir='ltr'>Is</span> <span class='ocrx_word' id='word_1_196' title='bbox 1237 4384 1356 4447; x_wconf 91' lang='lat' dir='ltr'>multis</span> <span class='ocrx_word' id='word_1_197' title='bbox 1385 4384 1547 4464; x_wconf 90' lang='lat' dir='ltr'>partibus</span> <span class='ocrx_word' id='word_1_198' title='bbox 1580 4383 1752 4446; x_wconf 72' lang='lat' dir='ltr'>coniuncti</span> 
     </span>
    </p>
   </div>
   <div class='ocr_carea' id='block_1_11' title="bbox 159 4521 1727 4604">
    <p class='ocr_par' dir='ltr' id='par_1_19' title="bbox 159 4521 1727 4604">
     <span class='ocr_line' id='line_1_32' title="bbox 159 4521 1727 4604; baseline 0.001 -22"><span class='ocrx_word' id='word_1_199' title='bbox 159 4541 236 4582; x_wconf 89' lang='lat' dir='ltr'>cum</span> <span class='ocrx_word' id='word_1_200' title='bbox 261 4521 445 4583; x_wconf 89' lang='lat' dir='ltr'>academia</span> <span class='ocrx_word' id='word_1_201' title='bbox 466 4521 737 4583; x_wconf 90' lang='lat' dir='ltr'>Vindobonensi</span> <span class='ocrx_word' id='word_1_202' title='bbox 761 4531 796 4584; x_wconf 94' lang='lat' dir='ltr'>et</span> <span class='ocrx_word' id='word_1_203' title='bbox 819 4522 904 4584; x_wconf 89' lang='lat' dir='ltr'>viris</span> <span class='ocrx_word' id='word_1_204' title='bbox 928 4522 1152 4604; x_wconf 79' lang='lat' dir='ltr'>doctissimis,</span> <span class='ocrx_word' id='word_1_205' title='bbox 1176 4534 1215 4585; x_wconf 94' lang='lat' dir='ltr'>ut</span> <span class='ocrx_word' id='word_1_206' title='bbox 1238 4523 1430 4585; x_wconf 87' lang='lat' dir='ltr'>clarissimo</span> <span class='ocrx_word' id='word_1_207' title='bbox 1456 4522 1633 4601; x_wconf 84' lang='lat' dir='ltr'>Gersone,</span> <span class='ocrx_word' id='word_1_208' title='bbox 1667 4521 1727 4603; x_wconf 91' lang='lat' dir='ltr'>qui</span> 
     </span>
    </p>
   </div>
   <div class='ocr_carea' id='block_1_12' title="bbox 159 4835 1753 5366">
    <p class='ocr_par' dir='ltr' id='par_1_20' title="bbox 159 4835 1753 5136">
     <span class='ocr_line' id='line_1_33' title="bbox 290 4835 1753 4915; baseline 0 -23"><span class='ocrx_word' id='word_1_209' title='bbox 290 4835 310 4915; x_wconf 85' lang='grc'>1)</span> <span class='ocrx_word' id='word_1_210' title='bbox 333 4837 495 4894; x_wconf 85' lang='lat' dir='ltr'>Academia</span> <span class='ocrx_word' id='word_1_211' title='bbox 520 4840 680 4912; x_wconf 88' lang='lat' dir='ltr'>Pragensis</span> <span class='ocrx_word' id='word_1_212' title='bbox 708 4838 787 4910; x_wconf 78' lang='grc'>1348</span> <span class='ocrx_word' id='word_1_213' title='bbox 812 4838 957 4895; x_wconf 89' lang='lat' dir='ltr'>aCarolo</span> <span class='ocrx_word' id='word_1_214' title='bbox 975 4840 1023 4895; x_wconf 93' lang='lat' dir='ltr'>lV.</span> <span class='ocrx_word' id='word_1_215' title='bbox 1049 4841 1240 4914; x_wconf 85' lang='lat' dir='ltr'>imperatore,</span> <span class='ocrx_word' id='word_1_216' title='bbox 1258 4838 1499 4896; x_wconf 89' lang='lat' dir='ltr'>Vindobonensis</span> <span class='ocrx_word' id='word_1_217' title='bbox 1522 4836 1599 4910; x_wconf 80' lang='lat'>1365</span> <span class='ocrx_word' id='word_1_218' title='bbox 1619 4856 1636 4892; x_wconf 93' lang='lat' dir='ltr'>a</span> <span class='ocrx_word' id='word_1_219' title='bbox 1654 4837 1753 4894; x_wconf 90' lang='lat' dir='ltr'>Rudol</span> 
     </span>
     <span class='ocr_line' id='line_1_34' title="bbox 159 4950 1729 5027; baseline 0.003 -23"><span class='ocrx_word' id='word_1_220' title='bbox 159 4950 235 5006; x_wconf 88' lang='lat' dir='ltr'>duce</span> <span class='ocrx_word' id='word_1_221' title='bbox 269 4950 390 5007; x_wconf 89' lang='lat' dir='ltr'>condita</span> <span class='ocrx_word' id='word_1_222' title='bbox 421 4966 483 5020; x_wconf 86' lang='lat' dir='ltr'>est,</span> <span class='ocrx_word' id='word_1_223' title='bbox 516 4970 593 5027; x_wconf 87' lang='lat' dir='ltr'>quae</span> <span class='ocrx_word' id='word_1_224' title='bbox 628 4951 708 5024; x_wconf 77' lang='lat'>1384</span> <span class='ocrx_word' id='word_1_225' title='bbox 736 4971 753 5007; x_wconf 95' lang='lat' dir='ltr'>a</span> <span class='ocrx_word' id='word_1_226' title='bbox 782 4952 875 5008; x_wconf 84' lang='lat' dir='ltr'>fratre</span> <span class='ocrx_word' id='word_1_227' title='bbox 907 4951 1111 5009; x_wconf 82' lang='lat' dir='ltr'>eiusAlberto</span> <span class='ocrx_word' id='word_1_228' title='bbox 1144 4954 1195 5008; x_wconf 92' lang='grc' dir='ltr'>ΙΙΙ.</span> <span class='ocrx_word' id='word_1_229' title='bbox 1220 4955 1401 5009; x_wconf 87' lang='lat' dir='ltr'>auctoritate</span> <span class='ocrx_word' id='word_1_230' title='bbox 1431 4953 1533 5027; x_wconf 87' lang='lat' dir='ltr'>Papae</span> <span class='ocrx_word' id='word_1_231' title='bbox 1563 4964 1652 5007; x_wconf 88' lang='lat' dir='ltr'>aucta</span> <span class='ocrx_word' id='word_1_232' title='bbox 1682 4965 1729 5008; x_wconf 88' lang='lat' dir='ltr'>est</span> 
     </span>
     <span class='ocr_line' id='line_1_35' title="bbox 160 5062 345 5136; baseline 0 -18"><span class='ocrx_word' id='word_1_233' title='bbox 160 5062 345 5136; x_wconf 88' lang='lat' dir='ltr'>theologico.</span> 
     </span>
    </p>

    <p class='ocr_par' dir='ltr' id='par_1_21' title="bbox 160 5173 1752 5366">
     <span class='ocr_line' id='line_1_36' title="bbox 291 5173 1752 5254; baseline 0.001 -23"><span class='ocrx_word' id='word_1_234' title='bbox 291 5173 313 5254; x_wconf 88' lang='lat'>²)</span> <span class='ocrx_word' id='word_1_235' title='bbox 337 5177 529 5232; x_wconf 90' lang='lat' dir='ltr'>Nominamus</span> <span class='ocrx_word' id='word_1_236' title='bbox 552 5179 718 5253; x_wconf 86' lang='lat' dir='ltr'>scriptores</span> <span class='ocrx_word' id='word_1_237' title='bbox 741 5176 885 5252; x_wconf 89' lang='lat' dir='ltr'>operibus</span> <span class='ocrx_word' id='word_1_238' title='bbox 910 5177 1104 5233; x_wconf 87' lang='lat' dir='ltr'>clarissimos.</span> <span class='ocrx_word' id='word_1_239' title='bbox 1136 5178 1336 5252; x_wconf 87' lang='lat' dir='ltr'>Ziegelbauer</span> <span class='ocrx_word' id='word_1_240' title='bbox 1360 5178 1377 5234; x_wconf 91' lang='lat' dir='ltr'>l.</span> <span class='ocrx_word' id='word_1_241' title='bbox 1395 5197 1421 5233; x_wconf 89' lang='lat' dir='ltr'>c.</span> <span class='ocrx_word' id='word_1_242' title='bbox 1447 5178 1498 5233; x_wconf 87' lang='lat' dir='ltr'><strong>III.</strong></span> <span class='ocrx_word' id='word_1_243' title='bbox 1523 5190 1645 5232; x_wconf 89' lang='lat' dir='ltr'>secutus</span> <span class='ocrx_word' id='word_1_244' title='bbox 1670 5179 1752 5234; x_wconf 79' lang='lat' dir='ltr'>Pezr</span> 
     </span>
     <span class='ocr_line' id='line_1_37' title="bbox 160 5288 1752 5366; baseline 0.003 -23"><span class='ocrx_word' id='word_1_245' title='bbox 160 5288 269 5344; x_wconf 91' lang='lat' dir='ltr'>multos</span> <span class='ocrx_word' id='word_1_246' title='bbox 293 5289 369 5344; x_wconf 89' lang='lat' dir='ltr'>alios</span> <span class='ocrx_word' id='word_1_247' title='bbox 392 5303 546 5357; x_wconf 89' lang='lat' dir='ltr'>memorat,</span> <span class='ocrx_word' id='word_1_248' title='bbox 571 5309 698 5365; x_wconf 88' lang='lat' dir='ltr'>quorum</span> <span class='ocrx_word' id='word_1_249' title='bbox 722 5293 837 5365; x_wconf 87' lang='lat' dir='ltr'>scripta</span> <span class='ocrx_word' id='word_1_250' title='bbox 860 5292 945 5365; x_wconf 84' lang='lat' dir='ltr'>parri</span> <span class='ocrx_word' id='word_1_251' title='bbox 970 5291 1057 5364; x_wconf 89' lang='lat' dir='ltr'>pretii</span> <span class='ocrx_word' id='word_1_252' title='bbox 1081 5304 1158 5346; x_wconf 89' lang='lat' dir='ltr'>sunt.</span> <span class='ocrx_word' id='word_1_253' title='bbox 1207 5291 1239 5345; x_wconf 94' lang='lat' dir='ltr'>In</span> <span class='ocrx_word' id='word_1_254' title='bbox 1271 5291 1376 5346; x_wconf 91' lang='lat' dir='ltr'>litteris</span> <span class='ocrx_word' id='word_1_255' title='bbox 1408 5291 1586 5364; x_wconf 82' lang='lat' dir='ltr'>theologicis</span> <span class='ocrx_word' id='word_1_256' title='bbox 1613 5293 1752 5366; x_wconf 89' lang='lat' dir='ltr'>posuimu</span> 
     </span>
    </p>
   </div>
   <div class='ocr_carea' id='block_1_13' title="bbox 159 5402 979 5475">
    <p class='ocr_par' dir='ltr' id='par_1_22' title="bbox 159 5402 979 5475">
     <span class='ocr_line' id='line_1_38' title="bbox 159 5402 979 5475; baseline 0.001 -20"><span class='ocrx_word' id='word_1_257' title='bbox 159 5403 274 5475; x_wconf 90' lang='lat' dir='ltr'>scripta</span> <span class='ocrx_word' id='word_1_258' title='bbox 297 5403 429 5458; x_wconf 88' lang='lat' dir='ltr'>ascetica</span> <span class='ocrx_word' id='word_1_259' title='bbox 452 5415 481 5457; x_wconf 90' lang='lat' dir='ltr'>et</span> <span class='ocrx_word' id='word_1_260' title='bbox 505 5402 732 5458; x_wconf 83' lang='lat' dir='ltr'>dissertationes</span> <span class='ocrx_word' id='word_1_261' title='bbox 756 5402 793 5457; x_wconf 90' lang='lat' dir='ltr'>de</span> <span class='ocrx_word' id='word_1_262' title='bbox 817 5421 840 5458; x_wconf 88' lang='lat' dir='ltr'>s.</span> <span class='ocrx_word' id='word_1_263' title='bbox 865 5402 979 5475; x_wconf 89' lang='lat' dir='ltr'>regula.</span> 
     </span>
    </p>
   </div>
   <div class='ocr_carea' id='block_1_14' title="bbox 0 0 2051 6260">
    <p class='ocr_par' dir='ltr' id='par_1_23' title="bbox 0 0 2051 6260">
     <span class='ocr_line' id='line_1_39' title="bbox 0 0 2051 6260; baseline 0 0"><span class='ocrx_word' id='word_1_264' title='bbox 0 0 2051 6260; x_wconf 95' lang='lat' dir='ltr'> </span> 
     </span>
    </p>
   </div>
  </div>
 </body>
</html>
