4088 6270
838 533 881 542 -
925 496 1054 559 LXIX
1100 536 1141 543 —

152 724 333 787 Franciscus
350 722 576 806 gymnasium
593 742 620 785 s,
634 721 761 784 Annae
786 721 932 785 tradidit
949 719 1067 785 Scotis
1080 722 1430 804 VindobnnensibuS,
1455 723 1516 804 qui
1532 743 1616 786 cura
1633 735 1669 788 et
1684 725 1858 788 industria

158 864 326 944 effecerunt,
361 871 401 925 ut
431 861 656 945 gymnasium
687 858 861 924 Scotense
896 856 988 923 inter
1023 861 1253 924 celeberrima
1284 863 1473 944 gymnasia
1504 863 1644 946 imperii
1675 863 1857 927 Austriaci
1930 859 1938 874 ⁰

160 1011 324 1066 numeretur
340 1003 373 1083 ¹).
420 1000 526 1063 Anno
554 1005 635 1079 1814
658 1002 780 1064 schola
811 1000 1070 1063 monasterialis
1094 999 1403 1064 Seitenstettensis
1433 1022 1498 1083 per
1526 1005 1694 1065 abbatem
1718 1001 1856 1066 Colum·

163 1145 257 1204 hanun
278 1139 473 1202 Zechenter
496 1140 736 1221 (1814—1833)
764 1139 989 1221 imperatoris
1016 1139 1230 1202 auctoritate
1261 1150 1398 1202 mutata
1429 1150 1484 1204 est
1515 1141 1551 1203 in
1582 1142 1725 1223 plenum
1757 1163 1858 1225 gym-

162 1280 263 1342 nasium
282 1279 463 1361 publicum
477 1280 511 1360 ²).
558 1279 599 1341 In
622 1278 837 1341 monasterio
861 1275 1096 1357 Gottvicensi,
1120 1277 1366 1360 Lambaeensi,
1391 1253 1682 1363 Altenburgensi,
1711 1282 1855 1344 scholae

164 1419 400 1500 monasteriales,
424 1438 516 1500 quae
540 1430 646 1481 antea
669 1418 819 1500 fuerant,
842 1418 1031 1481 restitutae
1055 1428 1146 1482 sunt.

256 1537 325 1620 Nec
348 1557 463 1618 minor
486 1566 563 1620 erat
591 1558 626 1620 in
651 1554 759 1620 Stiria
790 1566 826 1619 et
853 1555 1035 1619 Carintbia
1063 1556 1376 1620 Benedictinorum
1407 1557 1590 1621 industria.
1631 1558 1857 1621 Benedictini

166 1694 384 1760 Adnontenses
422 1716 515 1758 anno
558 1700 637 1758 1808
677 1694 901 1778 gymnasium
935 1695 1151 1758 Liubinense
1190 1708 1418 1778 receperunt,
1458 1716 1572 1778 eoque
1607 1697 1643 1759 in
1683 1698 1854 1780 oppidum

166 1833 416 1918 ludenburgense
439 1835 611 1898 translato
636 1833 820 1896 Admontii
852 1834 1030 1916 privatum
1061 1834 1296 1898 condiderunt
1326 1836 1569 1918 gymnasium,
1600 1837 1696 1916 quod
1726 1855 1857 1920 magno

166 1972 376 2054 discipulorum
401 1992 546 2035 numero
569 1971 863 2053 frequentabatur
877 1974 912 2052 ³).
958 1971 1152 2034 Praeterea
1175 1993 1268 2034 anno
1288 1936 1370 2035 1802'
1385 1973 1612 2056 gymnasium
1629 1974 1856 2058 Graeciense,

165 2111 203 2173 cui
219 2114 388 2176 convictus
412 2123 489 2176 erat
513 2113 715 2191 adiunctuS,
738 2113 784 2172 ab
808 2110 1022 2191 imperatore
1046 2108 1238 2172 Francisco
1261 2122 1477 2192 acceperunt
1491 2113 1525 2192 ⁴).
1572 2112 1613 2174 In
1642 2114 1857 2177 monasterio

164 2268 182 2310 s.
199 2249 364 2334 lamberti,
387 2261 580 2335 postquam
603 2248 827 2333 imperatoris
844 2268 980 2311 summa
995 2250 1112 2331 gratia
1128 2250 1331 2312 restitutum
1348 2260 1412 2331 est,
1437 2252 1614 2333 privatum
1631 2253 1857 2335 gymnasium

164 2391 304 2454 conditum
328 2402 383 2455 est
407 2391 661 2473 discipulorum
686 2410 830 2454 numero
854 2391 942 2454 satis
966 2391 1157 2472 celebres).

256 2493 479 2593 Benedictini
510 2549 537 2594 s.
560 2529 689 2611 Blasii,
721 2549 800 2592 cum
831 2529 955 2592 relicto
986 2530 1022 2592 in
1050 2530 1206 2592 Abnoba
1236 2540 1355 2592 monte
1386 2530 1601 2593 monasterio
1632 2531 1856 2612 imperatoris

162 2668 245 2746 gratia
265 2688 356 2733 anno
385 2674 463 2748 1807
492 2668 745 2732 monasterium
775 2670 820 2731 ad
844 2668 1002 2750 Pyrnum
1030 2679 1184 2732 montem
1214 2678 1323 2750 atque
1354 2669 1492 2731 duobus
1522 2670 1624 2732 annis
1654 2680 1737 2752 post
1767 2670 1856 2734 anti-

161 2806 330 2884 quissimum
362 2807 617 2871 monasterium
649 2828 675 2871 s.
708 2808 811 2870 Pauli
844 2808 879 2870 in
911 2805 1093 2871 Carintbia
1123 2809 1365 2890 accepissent,
1398 2807 1636 2892 Clagenfurti,
1668 2809 1703 2872 in
1738 2811 1856 2891 capite

161 2939 335 3029 Corinthiae,
359 2947 537 3031 gymnasii
561 2958 598 3009 et
620 2946 713 3030 lycei
736 2966 855 3009 curam
879 2956 1113 3028 susceperunt
1144 2956 1251 3028 atque
1282 2947 1318 3008 in
1348 2948 1428 3027 ipso
1456 2947 1670 3011 monasterio
1698 2949 1856 3010 scholam

159 3098 338 3162 aperuerunt
352 3084 388 3167 ⁶).

256 3225 293 3287 ln
306 3225 436 3306 Tirole,
454 3244 533 3287 cum
549 3225 801 3288 monasterium
817 3225 1179 3289 Mariae-Montanum
1197 3245 1288 3289 anno
1310 3230 1388 3304 1807
1405 3246 1470 3308 per
1486 3227 1660 3290 Bavarios
1676 3229 1856 3291 sublatum

158 3371 232 3442 esset,
253 3363 476 3447 gymnasium
499 3364 711 3427 Meranense
735 3364 849 3446 primo
872 3384 942 3427 una
965 3366 1153 3446 sublatum,
1178 3366 1306 3428 deinde
1329 3366 1533 3429 restitutum
1549 3376 1658 3447 atque
1674 3368 1721 3430 ad
1737 3367 1856 3429 Bava-

157 3497 235 3564 ricarn
256 3504 452 3567 studiorum
475 3504 648 3567 rationem
665 3505 934 3567 accomodatum
951 3514 1016 3569 est.
1046 3503 1088 3567 Id
1111 3504 1276 3567 restituto
1300 3505 1514 3568 monasterio
1530 3504 1855 3569 Mariae-Montano

157 3634 347 3706 Benedictini
370 3654 585 3723 receperunt
608 3654 645 3705 et
666 3662 751 3704 mox
773 3643 959 3725 pristinam
984 3643 1060 3706 eius
1082 3642 1212 3706 famam
1236 3653 1494 3706 revocaverunt
1510 3647 1543 3724 ⁷).

254 3781 291 3844 In
315 3783 447 3844 ducatu
471 3780 738 3864 Salisburgensi
762 3801 875 3863 aeque
900 3802 941 3845 ac
965 3782 1000 3844 in
1022 3782 1140 3845 Tirole
1164 3783 1336 3845 bellorum
1361 3783 1486 3845 turbae
1510 3783 1628 3845 studia
1650 3784 1855 3848 Benedicti·

156 3931 248 3981 norum
269 3921 509 3984 cohibuerant.
540 3922 737 4003 Postquam
761 3923 911 3984 ducatus
935 3941 1028 3983 anno
1056 3925 1135 3983 1816
1159 3922 1307 4002 imperio
1322 3921 1514 3984 Austriaco
1531 3923 1648 3984 denuo
1665 3921 1853 3985 adiunctus
1939 3943 1945 3960 ·

156 4061 237 4134 atque
255 4068 452 4142 temporum
477 4060 726 4142 opportunitas
751 4070 942 4123 consecuta
967 4069 1036 4140 est,
1061 4060 1285 4123 Benedictini
1315 4060 1609 4124 monasteriorum
1638 4081 1665 4123 s.
1688 4060 1786 4123 Petri
1818 4070 1854 4123 et

156 4187 401 4263 Michaelburani
432 4199 657 4283 gymnasium
686 4198 979 4282 salisburgense,
1012 4199 1068 4262 cui
1097 4201 1237 4281 lyceum
1269 4199 1428 4261 additum
1458 4209 1550 4280 erat,
1582 4197 1711 4280 inquo
1738 4197 1852 4280 philo·

156 4332 288 4409 sophicae
311 4339 522 4422 disciplinae
546 4342 776 4420 docebantur,
800 4349 1016 4420 acceperunt
1032 4358 1270 4422 magnamque
1294 4338 1326 4400 ei
1349 4338 1480 4401 famam
1505 4336 1852 4418 circumdederunt⁸).

155 4511 433 4540 *R—

254 4658 273 4740 ι)
295 4663 481 4721 Gescbichte
503 4663 557 4720 des
581 4663 794 4739 Gymnasinms
818 4685 854 4721 zu
878 4664 936 4721 den
960 4663 1107 4721 Schotten
1132 4666 1161 4720 in
1185 4663 1284 4720 Wien.

253 4772 272 4854 ¹)
294 4777 481 4834 Geschichte
505 4775 559 4834 des
583 4776 797 4852 Gymnasiums
821 4799 855 4834 zu
882 4776 1107 4834 Seitenstetten.

251 4885 272 4967 ³)
293 4891 316 4946 F
319 4891 403 4957 acha,
427 4890 562 4947 Admnnt
585 4892 602 4947 l.
627 4910 654 4948 c.

253 5000 273 5079 ⁴)
294 5002 482 5061 Geschicbte
505 5003 559 5060 des
583 5002 795 5079 Gymnasinms
820 5024 855 5059 zu
880 5002 969 5060 Graz.

254 5111 273 5193 ⁵)
294 5117 408 5183 Friess‚
433 5113 560 5173 Studien
583 5117 601 5173 l.
627 5137 652 5174 c.
677 5117 712 5173 V.

253 5220 273 5305 ⁶)
294 5230 450 5287 Carintbia
476 5229 493 5285 l.
518 5249 545 5286 c.

252 5337 270 5418 l)
292 5341 479 5398 Geschichte
502 5341 556 5398 des
580 5340 795 5416 Gymnasinms
818 5359 878 5397 von
902 5342 1015 5398 Meran.

251 5445 481 5530 ¹)Geschichte
504 5453 558 5511 des
582 5454 794 5528 Gymnasiums
817 5474 853 5510 zu
877 5452 1034 5529 Salzburg.
