4034 6262
865 535 938 600 ι-
997 514 1061 582 141
1123 532 1170 543 -

167 705 275 788 Sept.
298 723 381 785 1797,
405 712 672 786 cooperatorem
697 701 772 785 egit
796 701 833 764 in
852 699 991 780 Eggen·

164 827 252 892 dorf
278 831 475 907 1797-1802
501 836 538 889 et
560 826 606 888 ad
629 845 657 889 s.
677 823 883 887 Udalricum
911 825 990 883 1802

161 954 307 1014 -1806,
327 948 417 1012 Dein
433 949 469 1012 in
484 947 736 1011 monasterium
755 947 871 1009 redux
892 964 992 1007 cura-

158 1083 217 1136 tus
240 1072 311 1136 fuit
329 1083 364 1134 et
383 1073 569 1135 catecheta
591 1071 764 1153 supplens
789 1072 880 1131 1806.
912 1067 992 1130 Non

156 1194 206 1256 ita
224 1195 340 1257 multo
355 1202 438 1276 post
458 1168 537 1272 1807
559 1191 749 1275 parochiae
769 1190 934 1273 provisor
956 1189 992 1252 in

154 1314 366 1379 Breitenlee
397 1315 607 1399 designatus
639 1322 707 1394 est,
739 1313 834 1396 quod
865 1288 992 1374 munus

151 1455 248 1498 mox
272 1458 343 1502 cum
357 1437 526 1519 parochia
542 1436 578 1499 in
593 1434 809 1498 Enzersdorf
825 1439 993 1513 1807—10

149 1556 372 1644 immutavit,
392 1564 555 1623 1810-11
576 1558 722 1641 parochi
737 1576 882 1621 munere
893 1555 992 1619 func-

148 1686 209 1741 tus
245 1681 287 1745 in
306 1680 567 1762 Waitzendorf‚
590 1680 717 1743 iterum
739 1679 930 1762 parochiae
956 1678 992 1741 in

146 1818 294 1886 campo
312 1803 498 1869 Scotorum
522 1803 694 1885 provisor,
719 1803 802 1865 dein
821 1821 906 1864 vero
929 1821 991 1884 pa·

143 1926 294 1991 rochus
307 1927 456 1992 actualis
475 1926 543 1990 fuit
564 1925 715 1989 diversis
737 1925 773 1988 in
795 1924 883 1987 locis
911 1928 987 1986 1811

144 2053 294 2130 -1814
309 2051 344 2113 In
358 2049 649 2130 Hoebersbrunn,
673 2050 839 2126 1814—28
861 2047 897 2110 in
919 2046 992 2109 Zel-

142 2163 335 2254 lemdorf,
370 2173 548 2234 1823-28
579 2169 615 2232 in
645 2167 901 2250 Watzelsdorf‚
932 2167 992 2230 ubi

140 2283 279 2357 febris
298 2312 448 2385 nervosa
469 2312 550 2355 eum
573 2290 721 2354 abstulit
740 2290 797 2353 die
824 2309 872 2369 17.
888 2290 993 2352 Mart.

145 2411 212 2472 182
221 2418 266 2480 8.

255 2556 364 2640 Typis
381 2555 495 2619 edidit
509 2555 729 2618 concionem:

258 2700 377 2776 Prcdigt
395 2718 456 2757 von
479 2698 533 2755 der
548 2697 815 2772 Nothwendigkeit
838 2697 892 2753 des
913 2703 995 2771 gott·

144 2793 269 2861 lichen
282 2803 399 2880 Segens
413 2803 462 2861 bei
479 2804 558 2861 allen
573 2821 684 2860 unsern
700 2802 993 2876 Untemehmungen,

145 2903 283 2966 welche
294 2909 341 2966 bei
354 2908 565 2984 Gelegenheit‚
578 2907 747 2984 alsJohann
756 2907 892 2963 Thomas
903 2905 996 2962 Edler

145 3019 220 3063 von
243 3012 417 3081 'l‘rattnerm
434 3015 463 3070 in
479 3012 534 3069 der
546 3010 736 3068 Plarrkirche
752 3009 801 3068 bei
817 3009 875 3067 den
890 3008 995 3067 sieben

146 3105 341 3175 Zussuchten
356 3119 395 3174 im
411 3115 665 3174 Altlerchenlelde
681 3115 748 3172 dem
763 3114 996 3172 Allerhdchsten

147 3207 214 3270 <¹³8
238 3220 390 3279 fcierliche
406 3220 586 3297 Dankopler
600 3238 708 3295 wegen
724 3219 778 3276 des
795 3219 996 3294 Iiinfzigjdhri·

147 3330 223 3387 801¹
247 3324 371 3402 Segens,
392 3326 501 3383 dessen
517 3343 551 3382 er
566 3325 630 3381 sich
651 3325 695 3380 als
712 3324 923 3381 Druckerherr
937 3323 997 3380 und

148 3415 317 3506 Prinzipal
347 3443 424 3488 stets
457 3429 601 3497 trireme,
633 3429 799 3487 eutrichten
826 3429 912 3497 liess,
940 3428 998 3485 den

151 3518 287 3592 {finften
305 3535 442 3611 Sonutag
466 3536 541 3592 nach
559 3535 672 3591 Ostern
692 3548 898 3609 vorgetragen
918 3552 998 3590 wor-

149 3622 238 3691 den·
267 3636 338 3717 (1.1.
362 3641 410 3697 De
433 3641 614 3697 necessitate
637 3637 856 3696 benedictionis
879 3638 999 3696 divinae

151 3743 332 3801 00casione
353 3742 474 3801 iubilaei
496 3742 678 3820 typographi
700 3744 820 3799 Ioannis
840 3743 878 3800 de
894 3743 999 3799 Tratt-

154 3844 272 3925 netu.)
299 3864 309 3904 1
336 3850 396 3907 vol.
425 3848 467 3906 8⁰.
496 3849 641 3914 Viennae,
670 3847 760 3921 1798,
787 3849 868 3923 typis
894 3847 998 3903 Ioann.

156 3931 284 4009 Thon.
299 3952 368 4011 nob.
386 3953 424 4010 de
440 3953 614 4010 Trattnern.

267 4116 311 4192 de
339 4117 629 4193 Graefenstein
656 4127 883 4193 ottocarus
911 4129 1001 4211 (Ad-

165 4242 238 4296 mo
248 4247 425 4328 utensis),
441 4246 624 4331 Marburgi
641 4246 677 4310 in
692 4247 848 4311 dioecesi
863 4248 1002 4313 Lavan·

169 4347 258 4426 tina
270 4369 442 4433 nobilibus
458 4370 627 4432 oriundus
643 4369 852 4452 parentibus
869 4375 898 4435 6.
914 4369 1001 4433 Maii

176 4474 503 4571 ¹⁸14,Admontes
529 4492 712 4574 professus
743 4513 790 4558 11.
814 4493 878 4558 Iul.
910 4499 1001 4576 1835,

178 4601 322 4678 Pl‘lmam
337 4601 417 4679 Deo
433 4615 550 4679 litavit
570 4615 721 4680 hostiam
738 4621 788 4680 28.
804 4617 890 4680 Maii
911 4622 1001 4697 1837.

182 4712 267 4797 Mox
279 4736 427 4800 alumnis
444 4736 647 4800 erudiendis
663 4738 872 4821 destinatus,
893 4739 1002 4803 histo·

189 4838 266 4919 fiam
280 4858 557 4922 ecclesiasticam
570 4869 607 4922 et
618 4878 739 4923 sacros
751 4880 905 4924 canones
922 4866 1000 4941 1837

194 4981 467 5046 Ν18511111111111
487 4980 634 5045 clericos
657 4983 787 5064 docuit,
808 4984 932 5046 addito
952 4983 1003 5046 in·

194 5109 285 5184 Super
318 5123 464 5168 munere
503 5105 745 5187 subpraefecti
784 5106 1003 5169 alumnorum

196 5229 403 5305 1840—1851.
412 5227 455 5291 In
466 5226 607 5290 vineam
616 5227 757 5291 Domini
766 5229 864 5291 abire
877 5228 1004 5311 iussus,

185 5349 343 5415 vIcarium
356 5349 435 5433 egit
446 5349 483 5414 in
490 5349 622 5434 Weng,
631 5349 869 5433 parochumin
877 5349 1005 5413 Palfau

177 5483 214 5540 et
227 5474 273 5535 ad
287 5492 315 5537 s.
331 5471 520 5536 Michaelis
540 5491 606 5535 nec
626 5490 696 5535 non
717 5473 890 5536 decanum
911 5473 957 5535 ad
977 5492 1003 5536 s.

1072 693 1167 758 Galli
1182 714 1295 778 usque
1308 696 1354 758 ad
1366 716 1495 759 annum
1512 701 1602 776 1872.
1619 697 1771 761 Domum
1783 699 1899 761 redux

1071 819 1117 880 ad
1129 836 1156 880 S.
1170 837 1325 881 canones
1336 837 1429 881 anno
1446 822 1525 897 1878
1539 819 1683 901 insuper
1694 821 1897 883 archideca-

1070 958 1137 1002 nus
1148 939 1403 1004 Admontensis
1419 951 1455 1005 et
1471 942 1734 1006 administrator
1746 944 1898 1006 decana-

1071 1071 1128 1124 tus
1137 1060 1211 1126 San
1218 1061 1397 1126 Gallensis
1406 1073 1461 1127 est
1470 1065 1692 1127 constitutus.
1707 1064 1897 1130 Ottocarus

1071 1183 1162 1247 inter
1190 1185 1355 1247 doctores
1385 1204 1412 1247 s.
1439 1186 1655 1269 theologiae,
1681 1187 1898 1249 consiliarios

1071 1307 1356 1369 reverendissimi
1384 1307 1554 1390 principis
1582 1309 1741 1391 episcopi
1768 1307 1898 1373 Secco·

1070 1428 1203 1491 viensis
1219 1448 1284 1492 nec
1301 1449 1371 1493 non
1384 1431 1525 1494 sodales
1537 1430 1673 1494 varium
1689 1432 1899 1496 societatum

1071 1550 1256 1613 doctarum
1271 1551 1397 1615 merito
1413 1562 1626 1616 numeratur.
1658 1553 1824 1638 Scripsit:

1157 1677 1181 1732 I.
1208 1678 1323 1734 Kurzer
1342 1679 1463 1736 Bericht
1486 1679 1562 1737 iiber
1586 1681 1643 1738 den
1665 1683 1823 1758 Ursprung
1845 1682 1901 1738 der

1071 1780 1331 1838 Vikariatskirche
1358 1802 1423 1840 zum
1447 1784 1485 1842 hl.
1511 1785 1659 1860 Erzengel
1684 1788 1813 1843 Michael
1840 1787 1900 1842 und

1071 1883 1129 1941 den
1144 1885 1183 1941 hl.
1199 1885 1368 1961 Martyrem
1385 1888 1512 1945 Cosmas
1528 1889 1588 1944 und
1601 1891 1737 1958 Damian‚
1754 1894 1812 1948 wie
1823 1892 1899 1949 auch

1070 1987 1125 2045 der
1141 1989 1268 2066 Kapelle
1284 2010 1348 2047 zum
1366 1991 1404 2047 hl.
1421 1990 1583 2072 Sebastiam
1598 2015 1632 2049 zu
1645 1995 1747 2071 Weng
1759 1999 1787 2053 in
1801 1996 1901 2053 Ober-

1072 2094 1174 2149 steier.
1198 2089 1227 2171 (1.
1245 2112 1271 2150 1.
1289 2095 1336 2150 1)1
1353 2094 1527 2154 {undatione
1543 2099 1691 2155 ecclesiae
1707 2120 1732 2156 s.
1744 2102 1901 2158 Michaelis

1074 2211 1132 2255 etc.
1156 2216 1213 2255 nec
1237 2217 1297 2255 non
1321 2201 1456 2275 capellae
1483 2221 1507 2258 s.
1532 2200 1701 2260 Sebastiani
1727 2207 1755 2260 in
1779 2204 1901 2284 Weng.)

1074 2301 1164 2371 Graz,
1185 2301 1276 2376 1846.
1293 2302 1326 2360 8ο
1341 2306 1410 2360 min.
1427 2305 1579 2380 Leykams
1595 2308 1707 2365 Erben.

1161 2407 1198 2463 II.
1212 2407 1270 2464 Ein
1283 2407 1414 2464 Ehelall:
1432 2408 1507 2466 iiber
1521 2410 1578 2466 den
1595 2415 1746 2488 parochus
1760 2418 1902 2491 proprius

1075 2514 1114 2569 im
1130 2508 1223 2569 Sinne
1239 2512 1293 2568 der
1308 2513 1421 2570 Kirche
1442 2514 1500 2570 und
1521 2515 1575 2572 des
1595 2523 1703 2574 osterr.
1721 2538 1747 2574 a.
1764 2518 1794 2576 b.
1812 2519 1850 2577 G.
1867 2522 1901 2576 B.

1075 2613 1105 2695 (1.
1123 2635 1149 2672 e.
1168 2616 1312 2686 Quisnam
1329 2617 1482 2693 parochus
1497 2618 1670 2700 proprium)
1686 2623 1796 2680 Linzer
1809 2625 1902 2682 theol.

1074 2721 1174 2799 prakt.
1196 2721 1439 2791 Quartalschrist,
1460 2737 1511 2795 31.
1528 2724 1630 2801 Jahrg.
1653 2725 1742 2799 1878.
1765 2729 1802 2785 11.
1820 2729 1902 2786 Η111.

1161 2826 1213 2882 III.
1234 2824 1419 2883 Geschichte
1440 2826 1494 2884 der
1513 2825 1700 2887 Steiermark
1720 2851 1780 2888 von
1795 2832 1905 2890 Albert

1073 2947 1133 2987 von
1148 2931 1282 2987 Muchar.
1299 2927 1328 3009 (1.
1346 2949 1372 2986 1.
1390 2931 1524 2989 Historia
1541 2930 1660 3003 stiriae,
1678 2955 1749 3012 pars
1765 2937 1816 2994 VI.
1834 2953 1905 3014 post

1075 3049 1202 3092 mortem
1217 3034 1255 3090 A.
1273 3033 1310 3091 de
1325 3034 1452 3092 Muchar
1467 3036 1568 3117 edita.)
1586 3037 1615 3095 ὁ.
1629 3039 1682 3095 Bd.
1699 3042 1781 3099 Nach
1794 3042 1905 3100 dessen

1075 3139 1146 3196 Tod
1162 3139 1413 3215 herausgegeben
1429 3159 1490 3198 von
1506 3142 1544 3198 Ο.
1561 3142 1599 3199 de
1615 3142 1669 3201 Gr.

1163 3244 1213 3301 IV.
1239 3244 1324 3301 Ehen
1345 3246 1612 3304 osterreichischer
1631 3247 1846 3326 Staatsbiirger
1867 3256 1905 3310 im

1076 3348 1239 3416 Auslande,
1253 3345 1282 3427 (1.
1297 3367 1323 3406 1.
1337 3350 1384 3405 De
1397 3352 1545 3426 coniugiis
1557 3354 1665 3409 clvium
1678 3354 1906 3414 Austriacorum

1078 3465 1164 3509 extra
1175 3450 1325 3531 patriam.)
1338 3453 1447 3511 Theoi.
1458 3455 1557 3531 prakt.
1566 3456 1808 3527 Quartalschrilt‚
1822 3462 1906 3529 Linz‚

1083 3555 1173 3630 1878.
1190 3576 1220 3634 p.
1238 3554 1310 3630 627.

1163 3661 1200 3718 V.
1218 3661 1281 3717 Das
1298 3661 1516 3720 Ehehindernis
1532 3664 1587 3721 der
1599 3666 1908 3742 Religionsverschie-

1078 3763 1209 3822 denheit.
1226 3763 1256 3844 (i.
1270 3785 1296 3822 e.
1310 3767 1356 3822 De
1369 3768 1465 3824 cultus
1478 3768 1660 3844 disparitatis
1674 3772 1908 3853 impedimento.)

1078 3868 1154 3926 Ibid.
1176 3869 1266 3944 1878,
1283 3890 1313 3947 p.
1330 3888 1403 3944 444.

1166 3974 1217 4031 VI.
1241 3975 1356 4032 Rechte
1377 3976 1436 4032 und
1457 3978 1601 4034 Pllichten
1622 3982 1704 4036 eines
1726 3980 1908 4040 Plriindners

1080 4082 1109 4137 iu
1126 4081 1226 4155 Bezug
1242 4080 1295 4137 aul
1307 4082 1370 4137 sein
1384 4082 1575 4139 Beneficium.
1592 4080 1661 4159 (1.1.
1679 4085 1748 4141 Iura
1764 4101 1793 4142 et
1810 4085 1910 4144 officia

1079 4182 1271 4263 beneficiati)
1287 4184 1362 4242 Ibid.
1383 4185 1473 4260 1879,
1491 4207 1521 4263 p.
1537 4201 1609 4260 427.

1167 4290 1232 4347 Vll.
1250 4289 1386 4346 Rechten
1402 4290 1461 4346 und
1475 4291 1618 4348 Pilichten
1635 4294 1718 4348 eines
1731 4294 1909 4368 geistlichen

1080 4392 1272 4449 Plrilndners.
1297 4389 1371 4471 (1.1.
1395 4395 1469 4450 Item
1490 4397 1554 4452 iura
1578 4408 1608 4451 et
1628 4394 1776 4453 beneficia
1798 4397 1910 4455 benefi-

1082 4500 1150 4555 ciati
1168 4495 1388 4576 ecclesiastici.)
1405 4497 1480 4556 Ibid.
1502 4498 1592 4572 1879,
1611 4519 1640 4575 p.
1658 4497 1730 4557 666.

1168 4602 1247 4659 VIII.
1271 4603 1334 4658 Das
1350 4603 1508 4659 staatliche
1526 4602 1701 4660 Eheverbot
1717 4605 1771 4663 der
1786 4608 1909 4664 Militar-

1081 4704 1272 4785 (Stellungs·)
1288 4707 1404 4763 Pllicht.
1421 4704 1450 4784 (i.
1465 4725 1491 4764 e.
1504 4709 1749 4784 Impedimentum
1763 4712 1909 4770 conditio·

1083 4814 1128 4869 nis
1144 4808 1302 4889 militaris.)
1319 4809 1394 4866 Ibid.
1416 4808 1506 4884 1879,
1523 4831 1553 4888 p.
1574 4811 1643 4885 748.

1170 4974 1275 5049 Graf
1303 4987 1517 5050 Rainerus
1549 4986 1909 5072 (San-Paulanusl,

1084 5117 1189 5169 natus
1206 5117 1261 5169 est
1276 5105 1409 5169 Labaci
1430 5106 1466 5169 in
1482 5105 1657 5170 Camiolia
1679 5107 1736 5170 die
1758 5129 1808 5186 24.
1825 5108 1909 5171 Maii

1088 5232 1184 5301 1811;
1212 5247 1238 5291 s.
1262 5228 1385 5291 habitu
1410 5229 1553 5292 indutus
1577 5229 1634 5292 die
1658 5252 1688 5308 4.
1711 5230 1786 5293 Iun.
1815 5236 1909 5306 1835;

1084 5350 1300 5414 sollemniter
1322 5351 1504 5434 professus
1528 5351 1585 5414 die
1610 5356 1659 5414 28.
1684 5352 1789 5415 Mart.
1816 5357 1910 5432 1837;

1084 5472 1252 5534 sacerdos
1276 5472 1334 5535 die
1362 5494 1387 5537 1.
1404 5474 1499 5557 Aug.
1525 5477 1616 5552 1839.
1641 5472 1776 5538 Studiis
1800 5474 1912 5556 philo·
