4034 6262
879 500 1161 573 ..152-

153 689 348 774 magisterii
371 688 602 772 gymnasialis
626 689 711 772 egit,
735 690 847 751 donec
870 688 928 750 die
950 692 979 751 8.

151 812 237 876 Maii
265 816 344 891 1878
367 811 549 894 professor
574 810 752 895 gymnasii
780 810 980 873 declaratus

152 943 216 1016 est,
233 955 254 996 a
270 953 340 1016 quo
355 943 517 1015 tempore
532 933 567 994 in
583 934 771 1017 gymnasio
783 931 979 995 Mellicensi

151 1055 371 1119 iuventutem
397 1055 578 1119 historiam
608 1056 843 1119 universalem
874 1056 980 1117 docet

151 1196 193 1239 ac
210 1176 383 1259 praefecti
399 1176 434 1240 in
451 1178 615 1241 convictu
632 1177 889 1258 archivariique
905 1196 979 1238 rnu-

151 1319 216 1361 nus
233 1300 317 1362 obit.
342 1298 506 1382 Scripsit:

238 1442 346 1498 Kaiser
362 1442 498 1499 Gratian.
523 1439 552 1519 (i.
574 1461 600 1500 e.
626 1443 672 1499 De
694 1445 876 1519 imperatore
900 1443 978 1500 Gra·

152 1547 242 1611 tiano,
258 1545 428 1620 disquisitio
445 1544 610 1625 historica.)
627 1548 670 1603 Im
684 1546 910 1623 Jahresbericht
925 1548 979 1616 des

152 1649 181 1707 k.
198 1649 228 1705 k.
245 1649 458 1725 Gymnasiums
474 1671 509 1706 zu
526 1650 607 1706 Melk
628 1650 718 1724 1879.
743 1651 786 1707 Im
807 1650 979 1709 Selbstver·

151 1754 218 1829 lage
234 1753 288 1810 des
305 1752 526 1829 Gymnasiums.
544 1755 643 1821 Wien‚
661 1736 765 1811 Druck
777 1774 837 1812 von
850 1755 978 1831 Ludwig

151 1860 264 1933 Mayer.
283 1858 326 1916 8⁰.

231 2023 977 2121 GumppIgnatius(San·Blasianus),

149 2145 251 2214 natus
273 2162 327 2215 est
343 2152 377 2215 in
393 2153 598 2236 Briilingen.
624 2153 758 2218 Studiis
779 2153 978 2238 Salisburgi

148 2275 329 2357 absolutiS,
346 2276 380 2337 in
396 2276 479 2338 divo
492 2277 613 2338 Blasio
629 2275 766 2339 litteras
781 2279 978 2342 humanita-

147 2396 192 2459 tis
220 2406 256 2459 et
283 2397 499 2479 theologiam
523 2418 589 2480 pro
604 2399 754 2481 ingenio
781 2399 873 2463 illius
897 2401 977 2464 aevi

147 2520 309 2582 docebat.
334 2516 542 2582 Sacellanus
561 2520 846 2584 reverendissimi
867 2524 976 2586 abba-

147 2640 191 2702 tis
208 2640 318 2702 Blasii
335 2640 397 2705 HI.
414 2661 494 2703 cum
511 2659 553 2704 eo
564 2641 741 2704 Viennam
758 2643 878 2706 etalio
895 2662 976 2725 pro-

146 2762 261 2825 fectus
274 2773 338 2828 est.
354 2763 604 2827 Ratiocinator
616 2764 699 2827 dein
712 2774 749 2828 et
761 2785 975 2829 oeconomus

147 2884 182 2947 in
199 2906 225 2950 s.
238 2885 369 2968 Blasio,
387 2905 429 2948 ac
445 2887 672 2969 praepositus
688 2888 723 2949 in
736 2888 864 2970 Berau,
881 2908 975 2951 amo-

147 3026 219 3068 rem
250 3027 291 3070 ac
323 3008 606 3070 aestimationem
638 3008 853 3072 confratrum
884 3012 974 3072 adeo

147 3129 214 3192 sibi
238 3129 448 3203 conciliavit,
476 3139 516 3193 ut
542 3131 637 3212 prior
666 3142 863 3194 conventus
886 3130 975 3195 San-

147 3250 304 3312 Blasiani
329 3261 573 3333 expeteretur,
598 3254 692 3333 quod
716 3252 870 3317 officium
896 3274 974 3317 eum

146 3374 247 3435 annis
270 3374 426 3455 quinque
450 3374 640 3456 tenuisset,
669 3377 974 3458 exspectationem

145 3496 287 3559 abbatis
303 3505 340 3559 et
356 3496 571 3560 confratrum
587 3499 682 3561 haud
699 3498 786 3560 satis
803 3499 972 3581 implevit.

144 3619 233 3681 Inde
256 3619 499 3682 Todtmosium
524 3623 735 3683 amandatus
763 3642 842 3684 cum
869 3622 972 3685 titulo
1012 3644 1015 3735 q

144 3741 336 3823 superioris
353 3743 511 3805 eiusdem
526 3743 605 3824 loci,
622 3764 727 3825 quem
739 3746 852 3807 abbas
865 3745 973 3807 Fran-

144 3863 259 3926 ciscus
276 3864 309 3926 in
326 3866 441 3928 locum
457 3866 657 3947 regularem
675 3868 827 3928 evehere
843 3886 973 3949 propo-

144 3998 275 4068 suerat,
299 3986 390 4048 inter
413 3987 533 4049 varias
555 3987 818 4050 vicissitudines
840 3989 973 4051 cultum

143 4109 432 4191 Thaumaturgae
447 4129 657 4191 promovere
670 4112 859 4174 admodum
876 4111 972 4173 labo-

144 4232 244 4313 ravit,
261 4233 472 4314 praesertim
489 4234 534 4295 de
551 4234 688 4296 aerario
709 4233 801 4296 illius
821 4253 973 4316 pauper·

144 4353 252 4426 rimae
269 4355 442 4417 ecclesiae
458 4357 617 4435 parando
639 4355 811 4437 cogitans.
835 4355 973 4418 Decen-

1059 686 1148 749 eain
1161 687 1363 749 memoriam
1376 696 1413 749 et
1426 687 1603 749 calamum
1614 698 1782 770 venerant,
1792 705 1879 751 cor

1059 808 1210 891 scripsit,
1226 810 1271 871 de
1285 809 1376 890 stilo,
1396 827 1513 870 rerum
1528 807 1622 871 serie
1638 817 1675 871 et
1691 809 1879 874 subtilitat

1058 949 1183 1012 parum
1204 931 1388 1013 sollicitus,
1412 932 1613 994 laudandus
1636 940 1763 1014 tamen,
1783 952 1879 1014 qu<

1058 1054 1181 1116 labore
1197 1072 1261 1116 suo
1274 1054 1540 1116 successoribus
1556 1055 1727 1136 prodesse
1742 1057 1879 1120 studu

1057 1175 1113 1238 rit.
1146 1174 1363 1238 Gurtwihlae
1386 1175 1515 1239 iterato
1539 1176 1731 1259 apoplexia
1756 1187 1879 1248 tactu

1059 1318 1139 1361 eum
1154 1298 1201 1360 ad
1216 1299 1377 1381 gerenda
1392 1297 1501 1361 officii
1516 1298 1571 1361 sui
1588 1299 1732 1382 negotia
1750 1299 1879 1371 inhak

1057 1421 1125 1483 lem
1143 1439 1181 1482 se
1197 1430 1367 1501 cerneret,
1389 1422 1480 1484 ultro
1501 1422 1548 1483 ad
1568 1420 1787 1484 infirmariam
1799 1423 1863 1492 in

1057 1543 1179 1605 Blasio
1196 1543 1376 1625 deportari
1392 1543 1507 1625 petiit,
1523 1543 1645 1625 ibique
1657 1543 1716 1626 pie
1727 1544 1807 1607 obiit
1835 1557 1877 1620 d

1063 1686 1109 1730 rr.
1127 1666 1214 1747 Apr.
1236 1670 1326 1746 1703,
1343 1684 1437 1726 anno
1453 1664 1582 1728 aetatis
1601 1662 1682 1744 73⁶⁰·

1146 1804 1350 1887 Sequuntur
1385 1805 1460 1867 eius
1496 1805 1737 1887 manuscripta
1769 1809 1879 1888 adh„

1057 1927 1214 1990 residua:

1146 2072 1167 2127 I.
1185 2070 1398 2128 Sonnen·Aus·
1416 2070 1473 2127 und
1490 2071 1694 2146 Niedergang‚
1714 2071 1782 2128 oder
1797 2095 1879 2142 ortus

1058 2189 1088 2232 et
1109 2195 1238 2234 occasus
1259 2194 1318 2232 von
1339 2195 1363 2232 s.
1381 2177 1512 2243 Blasien‚
1536 2178 1589 2233 mit
1609 2175 1688 2233 allen
1708 2179 1800 2234 seineu
1815 2182 1870 2240 Ge.

1056 2279 1155 2337 bauen
1184 2280 1273 2354 1756.
1306 2281 1402 2338 Unum
1426 2281 1564 2337 volumen
1589 2283 1619 2337 in
1642 2280 1727 2347 folio,
1750 2286 1864 2344 continet

1056 2389 1184 2461 paginas
1202 2384 1255 2453 61;
1277 2385 1455 2441 adservatur
1479 2387 1507 2442 in
1532 2384 1658 2441 archivo
1680 2383 1858 2444 San-Paulam

1056 2493 1112 2547 No.
1131 2506 1203 2563 ²04·

1143 2595 1181 2652 11.
1198 2593 1303 2651 Abbas
1317 2615 1340 2651 s.
1355 2596 1443 2651 Blasii
1457 2595 1668 2671 privilegiatus
1684 2592 1763 2668 1756.
1777 2594 1848 2651 Unum

1056 2698 1196 2755 volumen
1213 2701 1242 2754 in
1259 2698 1341 2764 soli0‚
1363 2701 1498 2755 continet
1514 2701 1641 2774 paginas
1658 2713 1725 2765 202,
1739 2697 1847 2753 adserva·

1056 2821 1103 2862 tur
1119 2808 1147 2861 in
1165 2806 1288 2860 archivo
1305 2802 1517 2860 San-Paulano
1533 2804 1591 2860 No.
1611 2818 1683 2877 205,
1705 2817 1731 2859 et
1745 2802 1845 2858 contine·

1056 2925 1102 2966 tur
1126 2911 1214 2965 etiam
1239 2911 1267 2964 in
1289 2907 1431 2964 Stanislai
1449 2907 1593 2964 Wfilberz
1616 2908 1793 2963 analectorum
1811 2915 1843 2955 to·

1055 3033 1103 3070 mo
1120 3014 1171 3070 VI.

1142 3118 1194 3174 Ill.
1204 3117 1422 3193 Compendium
1436 3116 1592 3173 discursus
1605 3116 1734 3172 canonici
1747 3112 1774 3168 de
1784 3124 1840 3166 nen·

1054 3242 1088 3280 sa
1104 3223 1295 3299 privilegiata
1312 3220 1433 3279 abbatis
1451 3241 1474 3277 s.
1492 3220 1585 3277 Blasii
1606 3234 1694 3294 1753.
1716 3218 1791 3276 Unum
1802 3226 1839 3266 τῦ·

1054 3329 1152 3384 lumen
1169 3330 1198 3383 in
1214 3333 1257 3399 4⁰,
1275 3328 1409 3382 continet
1425 3327 1553 3401 paginas
1575 3325 1644 3393 180,
1665 3324 1809 3381 adservatur
1820 3315 1838 3367 5¹¹

1054 3433 1177 3489 archivo
1194 3431 1406 3488 San-Paulano
1423 3431 1479 3487 No.
1499 3429 1571 3497 260,
1595 3445 1625 3486 et
1645 3431 1729 3486 etiam
1743 3423 1837 3483 contin*

1794 3526 1801 3551 Υ

1054 3539 1146 3594 turin
1163 3536 1304 3592 Stanislai
1322 3533 1466 3591 Wiilberz
1482 3534 1688 3591 analectorum
1704 3549 1771 3590 tomo
1782 3525 1818 3584 ll·

1141 3659 1190 3716 IV.
1220 3660 1278 3715 Pro
1303 3660 1456 3723 memoria,
1485 3657 1533 3713 die
1561 3658 1657 3714 uralte
1684 3676 1706 3713 s.
1727 3645 1835 3712 Blasische

1053 3763 1193 3821 Probstei
1210 3763 1387 3837 Bfirglische
1404 3764 1561 3819 historiam
1578 3762 1679 3818 klarer
1698 3760 1749 3817 und
1764 3755 1835 3812 besso

1053 3870 1129 3925 nach
1154 3869 1208 3925 der
1229 3867 1366 3944 Jahrzahl
1391 3887 1426 3922 zu
1451 3866 1626 3923 verstehen.
1655 3854 1833 3923 Continentia

1053 3972 1194 4030 Stanislai
1211 3972 1355 4029 Wiilberz
1372 3972 1578 4027 analectorum
1596 3984 1678 4028 tomo
1693 3970 1738 4027 VI.
1751 3987 1773 4044 p.
1784 3969 1832 4033 39⁰·

1140 4096 1175 4152 V.
1195 4097 1253 4151 Pro
1271 4097 1423 4151 memoria.
1441 4094 1509 4151 Von
1522 4094 1577 4149 der
1591 4094 1719 4151 Kirchen
1733 4109 1759 4146 zu
1772 4087 1833 4150 ttu-

1053 4201 1110 4257 len.
1136 4199 1209 4256 Ibid.
1227 4213 1259 4255 ut
1275 4217 1368 4274 supra
1384 4217 1414 4273 p.
1432 4196 1505 4271 396.

1140 4346 1468 4440 Guppenberger
1496 4356 1744 4420 Erenbertus
1765 4347 1833 4432 (cte

146 4476 202 4537 nio
222 4474 362 4558 integro
384 4476 432 4539 ibi
453 4496 563 4559 aegre
583 4486 723 4559 exacto,
747 4478 973 4560 praepositus
1053 4475 1320 4555 misanensis),
1343 4475 1389 4536 ad
1405 4494 1432 4538 s.
1449 4475 1586 4539 Mariae
1609 4477 1644 4539 in
1662 4472 1784 4540 Austris
1797 4478 1832 4522 ⁵11·

144 4597 178 4659 in
199 4598 373 4680 Biirglen,
398 4619 440 4660 ac
465 4599 576 4661 altera
598 4600 677 4662 vice
701 4600 736 4662 in
758 4601 889 4681 Berau,
914 4602 973 4662 de·
1053 4598 1192 4680 periore
1217 4597 1273 4659 die
1302 4618 1328 4661 1.
1355 4597 1458 4659 FeBr.
1489 4601 1570 4661 1836
1594 4610 1697 4662 natus
1717 4597 1832 4672 frequen

145 4739 237 4781 mum
254 4720 289 4782 in
306 4718 502 4782 Gurtweihl
517 4719 593 4801 fuit,
615 4721 675 4783 ubi
692 4732 835 4802 praeter
853 4742 973 4784 curam
1053 4732 1128 4785 tato
1156 4740 1220 4802 per
1247 4733 1327 4783 octo
1356 4739 1468 4781 annos
1499 4721 1688 4803 gymnasio
1714 4702 1831 4782 Cremis-

145 4842 193 4903 rei
210 4841 402 4924 familiaris,
420 4853 555 4905 amator
567 4844 735 4906 historiae
748 4845 971 4926 domesticae,
1052 4844 1152 4906 nensi
1164 4843 1199 4904 in
1212 4844 1372 4904 alumnos
1385 4841 1564 4904 seminarii
1578 4825 1830 4925 episcopatisliss·

145 4965 178 5026 in
196 4985 238 5026 ea
251 4965 461 5026 elucidanda
474 4967 618 5026 multam
632 4966 805 5046 impendit
817 4986 972 5048 operam,
1011 4976 1014 5089 q
1053 4966 1181 5028 ciensis
1209 4984 1300 5027 anno
1334 4968 1413 5041 1854
1447 4975 1639 5046 cooptatus
1665 4964 1757 5047 paulo
1778 4954 1829 5035 {1051

146 5097 180 5149 et
196 5087 323 5168 omnia,
341 5105 432 5167 quae
449 5088 493 5146 de
505 5086 661 5166 prioratu
678 5097 713 5148 et
725 5089 972 5168 praepositura
1053 5087 1288 5150 Cremifanum
1305 5086 1409 5148 rediit
1431 5097 1466 5148 et
1488 5088 1546 5149 die
1567 5111 1597 5166 4.
1615 5088 1702 5151 Nov.
1721 5074 1828 5146 eiusdem

145 5209 179 5269 in
200 5209 368 5289 Biirglen,
389 5208 543 5287 itemque
566 5209 610 5269 de
631 5210 845 5271 monasterio
866 5210 972 5290 virgi·
1052 5210 1133 5272 anni
1172 5209 1368 5272 tirocinium
1412 5209 1612 5279 inchoavit;
1652 5187 1827 5291 quatrienni⁰

146 5350 227 5390 num
244 5339 280 5390 et
295 5327 543 5409 praepositura
559 5329 595 5390 in
611 5329 727 5392 Berau
751 5350 796 5391 ex
818 5330 972 5409 antiquis
1052 5332 1252 5413 theologico
1276 5333 1310 5393 in
1335 5330 1494 5393 Canonia
1519 5353 1545 5394 s.
1571 5332 1720 5396 Floriani
1743 5309 1828 5388 eximia

147 5451 287 5529 scriptis
312 5459 507 5530 repererat,
532 5454 781 5533 comportavit,
806 5464 842 5513 et
867 5463 972 5532 prout
1052 5474 1130 5515 cum
1153 5455 1257 5516 laude
1279 5455 1441 5515 absoluto
1467 5463 1504 5515 et
1529 5455 1587 5517 die
1614 5477 1663 5534 29.
1680 5455 1758 5532 Aug.
1779 5431 1829 5502 ¹⁸58
