4088 6270
856 521 895 532 ...
943 485 1048 547 LXV
1094 524 1136 532 ..

156 714 205 774 duo
223 709 475 772 Benedictinea
503 709 695 772 constituta
720 720 815 791 sunt,
848 730 954 774 unum
984 709 1142 775 Gottvici
1166 713 1383 794 Austriacis,
1413 714 1561 775 alterum
1586 712 1771 775 Admontii
1795 711 1867 776 Sti·

158 849 298 914 riensibus
321 846 547 911 monasteriis
569 848 794 912 destinatum.
827 846 900 912 Sed
917 869 961 912 ne
976 852 1065 913 haec
1083 850 1225 932 quidem
1244 851 1303 916 diu
1320 862 1535 916 manserunt.
1568 851 1863 915 Benedictineum

161 987 357 1053 Gottvicense
382 995 509 1069 quarto
532 1007 625 1050 anno
649 999 731 1069 post
755 988 965 1051 dissolutum
997 1001 1052 1052 est
1080 1000 1188 1071 atque
1221 993 1266 1053 ab
1298 1010 1340 1053 eo
1370 1000 1531 1073 tempore
1562 991 1682 1053 clerici
1713 1011 1743 1053 o.
1769 1010 1795 1053 s,
1821 991 1863 1053 B.

160 1128 246 1191 autin
265 1125 414 1209 singulis
437 1125 670 1207 monasteriis,
695 1137 734 1188 ut
756 1126 912 1209 Mellicii,
937 1126 1124 1211 Gottvigii,
1148 1129 1344 1211 Admontii,
1369 1130 1570 1212 theologiae
1594 1130 1789 1212 disciplinis
1816 1132 1862 1192 ab

161 1267 257 1329 ordinis
278 1265 525 1329 sacerdotibus
548 1265 688 1329 traditis
712 1233 934 1348 erudiuntur,
959 1277 1021 1330 aut
1044 1268 1081 1330 in
1105 1268 1337 1332 universitate
1361 1268 1649 1349 Vindobonensi,
1674 1268 1862 1350 Pragensi,

163 1405 401 1487 salisburgensi,
426 1402 687 1487 Oenipontana,
711 1405 922 1487 Pestinensi,
947 1407 1247 1489 praelectionibus
1273 1408 1486 1491 theologicis
1515 1408 1707 1488 intersunt,
1739 1419 1800 1470 aut
1829 1407 1865 1469 in

164 1545 322 1608 seminariis
346 1544 622 1626 episcopalibus,
646 1554 685 1608 ut
708 1565 735 1608 a.
759 1545 950 1629 Hippolyti
983 1555 1018 1609 et
1042 1545 1275 1629 Clagenfurti,
1306 1549 1352 1609 ad
1380 1567 1524 1610 munera
1554 1547 1791 1611 sacerdotalia
1814 1545 1867 1609 in-

163 1685 325 1747 stituuntur.
372 1683 459 1746 Cum
490 1684 577 1746 haec
610 1682 656 1745 sit
686 1684 978 1747 monasteriorum
1010 1684 1149 1768 imperii
1174 1686 1596 1769 Austriaco·Hungarici
1627 1686 1783 1750 conditio
1817 1706 1864 1748 ex

163 1824 344 1906 temporibus
368 1832 456 1904 orta,
479 1823 703 1905 theologicae
727 1824 936 1906 disciplinae
960 1845 1031 1888 non
1055 1845 1097 1888 eo
1115 1826 1268 1908 quidem,
1294 1846 1365 1909 quo
1381 1847 1447 1908 par
1463 1836 1528 1907 est,
1553 1826 1671 1889 studio
1689 1826 1862 1904 coluntur,

163 1982 245 2042 neque
265 1975 384 2025 tamen
408 1963 656 2045 negleguntur.
700 1963 829 2025 Adhuc
857 1963 1008 2027 enimin
1032 1964 1191 2051 plurimis
1216 1967 1440 2029 monasteriis
1465 1966 1701 2043 inveniuntur,
1734 1963 1795 2045 qui
1829 1963 1864 2025 in

163 2101 338 2184 theologiam
362 2122 493 2184 magna
516 2122 596 2165 cum
619 2102 792 2165 industria
815 2102 1021 2167 incumbant
1045 2115 1153 2186 atque
1178 2106 1329 2168 docendi
1354 2125 1498 2168 munere
1522 2105 1717 2187 fungantur
1741 2115 1803 2166 aut
1828 2103 1864 2165 in

162 2240 353 2304 universitate
377 2240 649 2304 Vindobonensi
671 2251 706 2305 et
728 2241 946 2323 Pestinensi,
971 2254 1033 2304 aut
1056 2243 1092 2305 in
1116 2243 1312 2306 seminariis
1336 2244 1614 2325 episcopalibuS,
1639 2253 1677 2306 ut
1700 2241 1865 2307 monachi

165 2396 183 2437 s.
198 2378 278 2442 Pauli
304 2379 340 2442 in
371 2379 561 2443 seminario
585 2379 886 2463 Clagenfurtensi‚
914 2393 976 2445 aut
1004 2383 1039 2445 in
1068 2383 1155 2465 ipsis
1178 2383 1410 2446 monasteriis.
1457 2384 1532 2446 Nec
1564 2385 1702 2464 desunt,
1737 2383 1797 2464 qui
1825 2383 1862 2444 in

164 2515 254 2580 litteris
279 2518 491 2601 theologicis
520 2540 651 2602 magna
682 2521 787 2583 laude
817 2520 967 2584 floreant
994 2533 1056 2586 aut
1079 2521 1280 2604 floruerint,
1312 2525 1410 2586 velut
1442 2525 1503 2585 Dr.
1535 2524 1686 2586 Ioannes
1717 2522 1861 2600 Rotter,

165 2654 245 2719 abbas
263 2657 549 2739 BraunaviensiS,
573 2657 635 2722 Dr.
660 2657 746 2723 Otto
769 2659 1000 2723 Habermann
1023 2680 1049 2723 S.
1074 2661 1178 2724 Pauli
1201 2663 1236 2724 in
1261 2661 1452 2742 Carinthia,
1478 2662 1656 2725 Antonius
1672 2659 1860 2723 Viehbiick

165 2801 189 2852 et
203 2792 344 2876 ignatius
369 2794 511 2860 Schiich
532 2796 826 2879 Cremifanenses,
852 2799 1018 2862 Andreas
1043 2799 1270 2863 Oberleitner
1293 2811 1329 2863 et
1351 2800 1412 2863 Dr.
1438 2800 1629 2862 Anselmus
1653 2799 1792 2862 Ricker
1814 2800 1860 2861 ad

165 2925 256 2996 Scotos
274 2935 589 3016 VindobonenseS,
613 2937 652 2998 P.
676 2937 762 3000 Pius
789 2938 949 3020 Zingerle
973 2940 1206 3019 Meranensis,
1231 2942 1291 3003 Dr.
1322 2901 1537 3002 llltmannus
1566 2938 1727 3021 Arrigler
1758 2937 1863 3001 Gott-

165 3067 287 3155 n'censis,
311 3073 506 3157 Gregorius
529 3074 664 3158 Mayer,
688 3058 915 3158 MellicensiS,
940 3078 1001 3142 Dr.
1023 3079 1178 3141 Ioannes
1201 3079 1379 3141 Ruczisca
1404 3088 1440 3141 et
1463 3078 1524 3141 Dr.
1542 3077 1752 3140 Desiderius
1777 3076 1863 3138 Bita

165 3203 473 3295 Martinsbergenses
497 3213 531 3275 in
555 3213 791 3296 Hungaria1).

259 3350 413 3414 Decreta
429 3352 664 3434 imperatricis
679 3352 817 3416 Mariae
833 3355 1036 3435 Theresiae,
1062 3374 1154 3436 quae
1171 3375 1281 3436 supra
1297 3364 1493 3418 memorata
1510 3365 1602 3435 sunt,
1626 3356 1740 3416 almae
1757 3353 1861 3416 matri

165 3478 381 3552 benedictinae
413 3488 680 3573 Salisburgensi
716 3511 845 3574 magno
880 3472 982 3555 erant
1017 3494 1156 3555 damno.
1203 3492 1425 3576 Quamquam
1458 3493 1550 3556 enim
1583 3494 1628 3555 de
1659 3492 1859 3555 auditorum

164 3637 270 3690 numero
291 3628 352 3690 vix
377 3629 570 3710 quidquam
599 3630 817 3693 deminutum
846 3643 917 3711 est,
947 3642 1082 3711 tamen,
1115 3652 1193 3694 cum
1224 3632 1377 3713 plurima
1407 3630 1622 3695 monasteria
1651 3631 1859 3694 societatem

162 3761 360 3849 reliquissent,
386 3768 520 3830 reditus
542 3770 645 3832 valde
669 3769 843 3834 imminuti
866 3780 957 3834 sunt.
997 3771 1106 3833 Aliud
1124 3770 1237 3833 maius
1254 3780 1331 3833 erat
1347 3770 1607 3833 detrimentum.
1641 3769 1860 3832 Monasteria

161 3900 236 3983 enim,
264 3907 391 3988 quibus
422 3907 636 3970 universitas
669 3907 953 3992 Salisburgensis
985 3884 1179 3973 communis
1211 3909 1328 3971 fuerat
1359 3909 1555 3972 litterarum
1587 3909 1711 3988 sedes,
1743 3908 1859 3969 soluto

160 4040 308 4108 societatis
330 4046 477 4131 vinculo
500 4046 594 4109 vires
618 4059 654 4110 et
678 4048 805 4128 studia,
838 4067 929 4128 quae
958 4049 1082 4110 melius
1114 4048 1180 4110 fuit
1204 4067 1347 4110 manere
1375 4048 1573 4128 coniuncta,
1607 4046 1860 4109 distraxerunt.

157 4166 315 4248 Praeterea
327 4185 370 4248 lis
388 4196 466 4248 orta
482 4186 574 4255 inter
586 4186 808 4268 professores
825 4188 916 4250 inter
929 4188 1134 4250 vicesimum
1152 4198 1187 4250 et
1201 4187 1418 4250 tricesimum
1430 4207 1560 4249 annum
1575 4184 1708 4247 saeculi
1721 4183 1871 4246 XVIII.

156 4310 191 4374 de
204 4317 371 4388 Muratorii
394 4325 536 4406 scriptis
560 4325 677 4389 famae
694 4327 936 4390 universitatis
952 4329 1098 4390 multum
1116 4326 1279 4409 offecit2),
1305 4338 1344 4389 ut
1359 4326 1509 4409 singulis
1526 4325 1627 4389 annis
1644 4326 1863 4387 minueretur

154 4457 325 4526 auditorum
348 4483 525 4527 numerus.

258 4601 391 4684 Quibus
414 4606 521 4666 rebus
544 4615 583 4667 ut
606 4606 808 4669 mederetur
831 4605 1070 4689 Hieronymus
1094 4626 1213 4669 comes
1238 4604 1425 4668 Colloredo
1449 4603 1740 4683 archiepiscopus
1763 4603 1858 4683 (1772

158 4738 300 4822 *1803,†
321 4746 423 4824 1812),
448 4743 592 4805 ultimus
617 4764 737 4807 eorum
762 4746 1110 4827 archiepiscoporum
1127 4744 1464 4827 Salisburgensium,
1491 4742 1549 4825 qui
1571 4761 1687 4804 rerum
1704 4740 1860 4803 civilium

162 4877 265 4939 summa
283 4891 462 4962 potestate
487 4892 587 4945 erant
604 4883 767 4964 praediti,
792 4904 883 4964 quae
899 4894 1040 4966 tempus
1057 4885 1203 4966 exigere
1219 4885 1419 4964 videbatur,
1437 4881 1677 4945 commutavit.
1711 4879 1860 4943 Aditum

165 5004 200 5062 ad
216 5010 445 5083 bibliothecam
469 5021 809 5104 archiepiscopalem
833 5023 996 5085 omnibus
1019 5025 1219 5105 promiscue
1246 5023 1442 5104 aperiebat,
1468 5019 1685 5102 disciplinas,
1709 5038 1801 5100 quae
1826 5019 1863 5081 in

169 5176 435 5214 k—

266 5324 284 5403 ι)
304 5329 417 5394 FriesS‚
442 5327 569 5386 Studien
592 5331 610 5386 l.
635 5350 660 5387 c.
686 5332 722 5387 V.

265 5438 282 5516 ²)
304 5443 428 5509 Zauuer,
454 5443 588 5499 Chronik
610 5462 670 5499 von
694 5442 858 5519 Salzburg;
883 5445 969 5519 Mayr
992 5445 1010 5501 l.
1036 5464 1062 5501 c.
