4034 6262
795 500 1077 548 —111-

124 691 200 749 inte
223 690 352 744 aetate
376 682 540 766 morigeri
563 683 687 767 animi,
711 693 747 746 et
770 682 894 766 optimi

124 803 192 871 enii
206 823 289 866 cum
311 803 485 867 industria
501 805 679 869 coniuncti
699 805 894 888 specimina

126 929 172 1008 it,
190 926 330 1007 pietate
352 946 427 1009 sua,
451 929 617 992 comitate
641 949 776 992 morum
798 929 893 992 aliis·

134 1047 341 1131 virtutibus,
352 1049 594 1131 superioribus
606 1061 643 1113 et
655 1050 892 1115 confratribus

124 1170 201 1234 rino
217 1179 401 1253 acceptus,
423 1171 483 1254 qui
503 1192 670 1255 magnam
689 1174 771 1236 ideo
787 1177 832 1238 de
848 1195 891 1239 eo

124 1312 164 1355 m
179 1292 438 1375 concipiebant,
460 1294 517 1357 cui
534 1296 735 1377 explendae
755 1296 804 1360 nil
824 1297 892 1361 nisi

124 1414 193 1477 rior
205 1416 374 1478 valetudo
398 1416 522 1479 defuit.
545 1417 634 1481 Post
654 1428 891 1483 restauratum

125 1535 891 1624 ventumSan-Blasianum,recensadsump-

127 1655 298 1721 fratribus
319 1659 522 1743 theologiae
546 1662 718 1744 magister
741 1664 890 1746 exstitit,

124 1779 209 1842 thac
248 1782 448 1844 sacellanus
486 1784 787 1867 reverendissimi,
827 1787 891 1849 sed

124 1901 183 1981 ysi
198 1914 439 1987 consumptuS,
453 1926 532 1967 curn
546 1906 748 1970 omnimoda
757 1907 792 1970 in
802 1908 891 1971 divi-

124 2040 141 2083 1
159 2025 375 2088 voluntatem
390 2027 642 2111 resignatione,
659 2029 716 2092 die
734 2015 790 2111 ²7:
801 2031 890 2114 Apr.

124 2144 143 2207 .i
162 2166 237 2228 1777
256 2147 415 2229 piissime
432 2149 529 2233 obiit,
551 2171 644 2214 anno
658 2152 788 2215 aetatis
801 2158 890 2236 37210,

124 2286 191 2349 gno
206 2270 260 2332 sui
276 2272 372 2352 apud
388 2291 510 2334 omnes
525 2273 650 2337 relicto
667 2274 853 2339 desiderio,

145 2389 315 2473 Sequitur
330 2393 406 2456 eius
422 2394 714 2477 manuscriptum:

147 2517 281 2575 Diarium
290 2522 465 2576 monasterii
478 2539 503 2577 s.
512 2521 603 2577 Blasii
617 2534 795 2597 1775—77.
809 2523 889 2580 Con·

124 2635 132 2674 :
159 2618 304 2702 (infolio)
327 2638 390 2680 200
410 2624 491 2681 lolia.
515 2624 588 2682 Ads.
613 2627 642 2681 in
666 2627 789 2683 archivo
813 2626 889 2685 San-

124 2723 193 2784 lano
207 2729 263 2785 No.
286 2726 355 2801 164.

146 2872 323 2947 Giirtner
346 2883 626 2950 Corbinianus
654 2890 737 2970 (as.
761 2889 888 2954 Petro

124 3000 323 3084 .isburgi),
340 3002 536 3067 Tirolensis
552 3025 599 3067 ex
614 3004 762 3070 Schwaz
783 3018 888 3071 natus

125 3120 202 3186 Iun.
220 3128 311 3207 1751,
328 3125 502 3188 absolutis
515 3125 629 3190 Halae
647 3138 683 3190 et
695 3127 888 3212 Oeniponti

124 3243 187 3308 iiis
206 3247 473 3309 humanioribus
494 3258 530 3311 et
550 3247 752 3334 Salisburgi
776 3252 888 3332 philo·

124 3364 231 3450 *hicis,
264 3370 517 3432 monasterium
549 3371 733 3454 ingressus
765 3395 886 3438 mense

124 3504 143 3549 ;.
164 3497 248 3572 1719,
272 3491 368 3554 votis
388 3492 618 3556 sollemnibus
637 3515 687 3557 22.
705 3494 784 3559 Oct.
806 3517 888 3577 1770

124 3606 205 3694 issis,
225 3634 272 3678 12.
285 3613 360 3677 Iun.
382 3634 462 3694 1774
478 3614 627 3696 primam
640 3616 783 3679 missam
796 3620 887 3682 cele-

124 3732 186 3798 111.
203 3734 292 3798 Post
308 3737 473 3799 absoluta
489 3738 607 3800 studia
622 3739 825 3822 theologica
841 3762 888 3804 ex

124 3849 186 3918 lem
199 3876 263 3939 pro
280 3878 447 3939 suprema
468 3859 590 3922 laurea
606 3862 829 3926 examinatus
852 3875 887 3926 et

124 3980 291 4062 hebetus,
315 3981 465 4046 iuridico
489 3983 608 4047 studio
632 4004 776 4066 operam
801 3987 886 4049 dare

124 4101 285 4165 sussimul
293 4101 463 4166 fratribus
476 4103 670 4167 iunioribus
683 4106 885 4190 theologiae

124 4220 228 4286 ›etitor
235 4224 442 4305 praefectus
452 4235 516 4288 est.
525 4226 632 4289 Anno
646 4233 722 4308 1781
736 4249 783 4291 ex
791 4239 885 4292 utro-

124 4352 136 4395 ἑ
151 4341 217 4408 1111
228 4345 395 4409 universo
410 4367 475 4428 pro
488 4348 609 4410 laurea
622 4368 788 4430 suprema
801 4370 885 4412 exa·

124 4475 210 4530 latus
225 4477 261 4530 et
278 4470 501 4550 approbatus
521 4489 586 4552 per
606 4480 758 4552 quatuor
773 4492 884 4535 annos

124 4582 295 4653 dessarius
324 4592 528 4654 monialium
554 4612 581 4656 e.
603 4592 755 4656 Ursulae
776 4592 885 4657 Salis·

124 4708 168 4789 ᾞὶ
180 4713 325 4776 exstitit.
341 4713 448 4776 Anno
469 4719 549 4793 1781
566 4717 739 4778 suadente
756 4716 884 4798 princi-

128 4833 389 4916 archiepiscopo
400 4835 633 4918 Herbipolim,
649 4837 885 4920 Moguntiam,

124 4952 280 5038 ezlariam,
303 4953 523 5040 Giittingam,
546 4959 686 5021 demum
706 4959 884 5022 Lutetiam

124 5068 273 5139 risiorum
286 5078 480 5161 contendit,
496 5089 536 5142 ut
547 5080 582 5142 in
594 5091 745 5162 utroque
761 5081 836 5143 iure
850 5090 886 5143 et

126 5192 254 5276 ciplinis
280 5199 458 5263 historicis
486 5211 522 5263 et
549 5201 786 5283 diplomaticis
806 5221 885 5284 per-

126 5312 189 5378 tius
203 5322 433 5384 excoleretur.
450 5321 556 5385 Anno
578 5327 656 5404 1789
673 5325 787 5387 redux
803 5325 885 5385 doc-

142 5438 310 5524 utriusque
330 5443 417 5506 iuris
437 5454 576 5507 creatus
593 5445 628 5508 in
648 5446 743 5510 univ.
756 5444 884 5511 Salisb.

974 702 1019 745 ss.
1043 681 1216 768 Canones,
1232 684 1287 748 ius
1308 683 1557 749 Germanicum
1573 686 1752 769 privatum
1768 696 1805 749 et

973 824 1047 867 rem
1070 805 1333 888 diplomaticam
1357 808 1487 892 docuit,
1515 810 1562 872 ad
1586 828 1674 890 quas
1699 808 1804 871 disci·

972 927 1087 1010 plinas
1100 947 1192 992 anno
1207 933 1286 992 1805
1299 940 1527 994 accesserunt
1543 930 1803 1014 praelectiones

973 1069 1019 1111 ex
1039 1050 1114 1113 iure
1135 1051 1268 1115 feudali
1292 1062 1328 1115 et
1354 1052 1470 1115 causis
1494 1052 1666 1116 civilibus.
1695 1052 1802 1115 Anno

976 1175 1056 1234 1806
1077 1182 1194 1236 rector
1215 1173 1457 1237 universitatis
1481 1176 1615 1238 electus
1638 1177 1706 1238 hoc
1729 1195 1802 1237 mu·

971 1312 1055 1356 nere
1075 1293 1219 1358 functus
1240 1304 1429 1378 estusque
1452 1297 1499 1359 ad
1523 1296 1802 1360 transformatio·

971 1435 1052 1478 nem
1075 1417 1317 1481 universitatis
1344 1418 1380 1481 in
1404 1419 1544 1501 lyceum
1572 1423 1662 1481 1811.
1693 1419 1802 1481 Prae·

971 1547 1071 1600 terea
1090 1541 1136 1601 ab
1160 1558 1253 1602 anno
1279 1543 1447 1602 1805—10
1470 1539 1620 1603 actualis
1635 1542 1803 1602 adsessor

971 1680 1034 1723 seu
1047 1661 1267 1724 consiliarius
1282 1661 1319 1724 in
1330 1662 1486 1725 iustitiae
1496 1661 1801 1725 administratione

971 1802 1158 1864 supremae
1179 1784 1370 1847 instantiae
1391 1786 1457 1848 sub
1479 1784 1650 1867 regimine
1672 1785 1802 1847 electo·

970 1905 1045 1989 1111,
1073 1906 1266 1970 Austriaco
1297 1916 1333 1969 et
1360 1907 1535 1969 Bavarico
1564 1906 1707 1970 functus
1734 1916 1799 1970 est.

970 2029 1122 2091 Demum
1146 2029 1328 2092 laboribus
1354 2029 1470 2092 fessus
1498 2049 1545 2092 ex
1566 2029 1799 2093 universitate

971 2150 1006 2212 in
1032 2151 1283 2213 monasterium
1310 2152 1425 2213 redux
1451 2153 1647 2215 litterarum
1673 2151 1800 2215 studiis
1859 2152 1863 2158 ’

970 2272 1120 2355 privatis
1140 2272 1242 2337 vixit.
1267 2272 1366 2338 Obiit
1387 2295 1438 2352 24·
1454 2273 1540 2336 Maii
1561 2277 1642 2352 1824
1662 2274 1798 2356 profes·

970 2394 1070 2457 sione
1086 2395 1269 2458 iubilaeus.

1057 2533 1262 2618 Sequuntur
1278 2535 1353 2598 eius
1369 2535 1516 2618 scripta:

1056 2680 1078 2736 I.
1095 2677 1256 2735 Lamberts
1267 2679 1331 2756 Jos.
1341 2680 1706 2755 Christenlehrpredigten
1723 2680 1798 2737 oder

969 2783 1154 2858 Anweisung
1176 2782 1252 2841 iiber
1275 2780 1327 2841 die
1351 2783 1494 2841 Gebothe
1519 2783 1628 2841 Gottes
1655 2785 1714 2841 und
1745 2785 1799 2841 der

970 2889 1091 2959 Kirche,
1108 2887 1155 2944 fiir
1171 2888 1226 2945 das
1242 2887 1403 2944 Landvolk
1418 2907 1456 2945 an
1473 2887 1531 2944 den
1547 2886 1724 2964 Sonntagen
1744 2889 1798 2947 das

967 2994 1039 3071 Jahr
1055 2992 1198 3049 hindurch
1214 3012 1250 3048 zu
1265 2990 1468 3067 gebrauchen.
1486 2990 1515 3071 (i.
1529 3012 1555 3050 e.
1572 2994 1733 3052 instructio
1747 3014 1798 3052 ca·

968 3098 1116 3155 techetica
1143 3097 1181 3153 de
1204 3096 1354 3172 decalogo
1378 3111 1408 3154 et
1431 3101 1603 3175 praeceptis
1627 3098 1796 3180 ecclesiae.)

968 3202 1032 3259 Aus
1064 3201 1131 3258 dem
1158 3202 1396 3258 Franzdsischen
1427 3201 1588 3261 iibersetzt.
1620 3203 1797 3280 Augsburg,

968 3306 1061 3364 Wolf.
1083 3304 1172 3380 1786.
1190 3306 1232 3362 80.
1252 3306 1308 3381 781
1329 3326 1358 3383 p.

1054 3412 1091 3469 ll.
1109 3412 1172 3468 Das
1184 3429 1294 3486 grosse
1306 3411 1446 3469 Officium
1459 3414 1574 3470 Mariae
1591 3415 1619 3469 in
1632 3416 1715 3471 einer
1727 3433 1797 3472 ver-

967 3516 1154 3573 standlichen
1170 3513 1398 3591 Uebersetzung
1418 3536 1484 3573 zum
1500 3517 1613 3574 Behule
1629 3518 1727 3586 derer,
1748 3519 1796 3577 die

967 3619 1107 3677 dasselbe
1123 3619 1213 3677 beten
1230 3621 1325 3677 sollen
1342 3620 1416 3678 oder
1432 3622 1549 3679 wollen.
1568 3619 1596 3700 (i.
1611 3642 1637 3679 e.
1655 3623 1796 3680 Officium

968 3744 1105 3800 magnum
1132 3726 1297 3781 Marianum
1324 3724 1523 3782 Germanicae
1550 3726 1618 3783 fidei
1646 3726 1797 3806 reddidit.)

967 3827 1124 3904 Salzburg,
1146 3826 1236 3901 1786.
1254 3827 1296 3886 8⁰.

1053 3934 1105 3991 111.
1133 3934 1180 3989 De
1203 3935 1266 3990 iure
1291 3933 1489 4008 capitulorum
1515 3934 1695 3991 Germaniae
1723 3954 1796 3992 con·

966 4037 1055 4095 dendi
1071 4051 1192 4094 statuta.
1213 4037 1451 4094 Commentarius
1467 4038 1618 4114 specialis.
1635 4036 1794 4115 Salzbmg,

966 4142 1074 4218 Duyle.
1096 4157 1185 4217 1794.
1204 4140 1245 4200 8⁰.
1263 4156 1304 4215 40
1321 4161 1349 4218 p.

1052 4266 1102 4323 IV.
1115 4264 1354 4322 Akademischer
1366 4265 1503 4322 Versuch
1516 4263 1591 4321 iiber
1603 4264 1656 4322 das
1669 4266 1795 4341 Vogtei·

966 4370 1051 4427 recht
1073 4371 1111 4426 im
1131 4369 1348 4444 Allgemeinen,
1372 4371 1425 4425 mit
1446 4368 1645 4444 Anwendung
1668 4370 1722 4427 aul
1741 4371 1795 4427 das

965 4475 1044 4532 hohe
1060 4473 1185 4531 Erzstilt
1201 4472 1359 4548 Salzburg.
1381 4470 1410 4551 (i.
1432 4492 1458 4530 e.
1481 4474 1528 4530 De
1544 4476 1608 4531 iure
1625 4474 1795 4551 praelectu-

966 4576 1039 4658 rae.)
1056 4576 1131 4635 Ibid.
1153 4592 1243 4651 1794.
1262 4576 1304 4635 8⁰.
1323 4577 1364 4633 80
1377 4597 1406 4654 p.

1051 4702 1087 4759 V.
1112 4699 1265 4776 Apologie
1288 4698 1341 4755 des
1365 4698 1598 4757 akademischen
1622 4701 1795 4758 Versuches

965 4804 1041 4862 iiber
1056 4804 1110 4860 das
1126 4803 1332 4878 Vogteirecht.
1350 4799 1379 4880 (i.
1401 4821 1427 4859 e.
1449 4803 1663 4861 Praecedentis
1683 4817 1794 4862 tracta-

965 4924 1013 4966 tus
1029 4906 1194 4986 apologia.)
1210 4906 1285 4964 Ibid.
1306 4905 1397 4981 1796.
1414 4914 1457 4980 40.
1474 4906 1492 4965 8
1509 4927 1539 4984 p.

1051 5031 1102 5088 Vl.
1126 5031 1174 5087 De
1197 5032 1261 5087 iure
1286 5031 1391 5086 summi
1416 5031 1566 5106 pontificis
1589 5033 1617 5087 in
1641 5032 1794 5087 erectione

965 5135 1184 5192 academiarum
1191 5134 1373 5192 Germaniae
1381 5134 1606 5192 catholicarum.
1616 5133 1691 5191 Ibid.
1703 5148 1793 5207 1795.

965 5246 1010 5313 4⁰.
1033 5237 1069 5296 16
1086 5259 1116 5316 p.

1052 5343 1117 5401 V11.
1139 5343 1257 5419 Corpus
1273 5345 1345 5401 iuris
1361 5343 1560 5401 ecclesiastici
1576 5343 1794 5400 catholicorum

965 5449 1110 5515 novioris,
1138 5447 1220 5524 quod
1247 5467 1302 5525 per
1326 5448 1518 5506 Germaniam
1545 5448 1670 5506 obtinet.
1698 5445 1795 5504 Salis·
