4034 6262
877 453 1172 515 -XXX-

152 677 279 741 iisdem
303 676 496 740 abbatibus
519 674 732 758 regulariter
754 676 933 757 visitandi,
965 677 1168 760 corrigendi
1195 690 1232 742 et
1260 679 1476 744 reformandi
1508 683 1723 746 auctoritate
1754 695 1896 766 aposto·

152 816 222 879 lica
245 815 461 878 monasteria
484 814 618 877 ordinis
641 813 696 876 sui
720 813 756 876 in
780 814 959 895 capiteet
982 814 1017 877 in
1041 816 1226 898 1111111115,
1259 838 1351 898 quae
1373 818 1579 883 visitatione
1612 822 1833 884 correctione
1862 837 1896 886 et

153 954 405 1021 reformatione
421 955 550 1018 viderit
566 951 745 1036 1111111111α
765 953 797 1033 ¹).
836 953 938 1016 Haec
962 955 1130 1017 mandata
1153 974 1232 1017 cum
1249 955 1369 1021 Favus
1393 958 1585 1042 diligenter
1608 973 1895 1045 persequeretur,

151 1117 222 1160 non
245 1097 358 1158 solum
374 1094 543 1157 nonnulla
558 1112 605 1154 ex
620 1092 722 1155 ruina
744 1104 1014 1155 resurrexerunt
1037 1095 1101 1157 sed
1125 1093 1232 1157 etiam
1255 1115 1349 1158 nova
1373 1098 1515 1161 condita
1538 1111 1629 1162 sunt.
1670 1101 1725 1164 Ita
1749 1104 1894 1165 saeculo

153 1235 290 1298 decimo
323 1242 449 1315 quarto
477 1240 556 1294 orta
586 1244 669 1294 sunt
698 1231 877 1312 prioratus
908 1235 941 1294 b.
966 1232 1102 1295 Mariae
1132 1235 1176 1296 de
1209 1232 1335 1297 Stohla
1350 1235 1373 1316 2)
1407 1237 1575 1300 abbatiae
1606 1257 1632 1300 5.
1668 1236 1820 1322 Georgii
1852 1242 1895 1303 de

151 1376 283 1455 Iasdll,
314 1375 348 1435 b.
373 1372 509 1434 Mariae
534 1373 579 1433 de
604 1371 751 1433 Buchan
766 1373 800 1452 ⁴),
832 1390 878 1434 ss
904 1370 1102 1435 Salvatoris
1131 1374 1175 1435 de
1203 1373 1370 1457 Lekers),
1401 1377 1435 1438 b.
1459 1375 1597 1439 Mariae
1620 1377 1666 1438 de
1690 1377 1894 1460 Zebegeny,

150 1517 184 1575 b.
209 1512 344 1574 Mariae
374 1512 418 1572 de
442 1509 585 1591 Bizere,
619 1511 652 1573 b.
677 1508 812 1571 Mariae
841 1510 886 1571 de
914 1511 1030 1572 Koios
1044 1510 1083 1592 ⁶),
1115 1513 1149 1575 b.
1173 1512 1310 1574 Mariae
1339 1514 1383 1575 de
1416 1514 1816 1598 Koppanmonostor7),
1849 1539 1894 1581 ss.

152 1653 394 1734 apostolorum
418 1651 517 1712 Petri
541 1659 578 1711 et
601 1648 703 1711 Pauli
727 1651 771 1712 de
796 1646 968 1712 Szerencs
983 1649 1017 1732 ⁸).
1067 1649 1140 1714 Sed
1171 1660 1290 1714 tamen
1322 1654 1411 1715 ordo
1441 1652 1548 1715 etiam
1572 1656 1749 1735 quaedam
1773 1676 1893 1719 mona-

151 1771 261 1855 steria
285 1789 410 1852 amisit.
450 1787 510 1851 Sic
533 1788 679 1850 abbatia
703 1808 749 1852 ss.
766 1787 950 1852 Trinitatis
968 1790 1012 1851 de
1029 1787 1149 1852 Siklds
1169 1794 1248 1852 1303
1274 1789 1573 1854 Cisterciensibus
1597 1812 1772 1855 concessa
1795 1799 1893 1876 est9),

152 1953 178 1996 s.
202 1931 375 1994 Demetrii
398 1930 467 1992 iam
496 1932 573 1990 1331
599 1927 797 2008 interierat,
826 1930 860 1991 b.
885 1926 1021 1989 Mariae
1051 1929 1096 1990 de
1124 1926 1283 2010 Giissing
1310 1933 1392 1990 1280
1420 1929 1456 1991 in
1480 1931 1664 1993 castellum
1697 1931 1893 2011 immutata,

153 2071 299 2133 abbatia
323 2068 461 2131 Aracsa
489 2071 569 2145 1378
599 2066 712 2129 ordini
741 2065 889 2128 fratrum
918 2066 1091 2128 minorum
1115 2066 1260 2147 tradita,
1293 2087 1320 2129 s.
1346 2065 1520 2148 Stephani
1545 2070 1589 2130 de
1614 2069 1713 2132 Kaet
1742 2074 1893 2146 moad

152 2210 273 2271 sedem
297 2207 538 2287 episcopalem
563 2205 741 2268 destinata
765 2205 899 2285 111110).
938 2205 1132 2267 Praeterea
1160 2204 1255 2266 vires
1287 2204 1363 2267 eius
1395 2206 1665 2269 vehementibus
1696 2207 1891 2272 factionum

152 2346 447 2427 contentionibus,
473 2363 566 2425 quae
590 2344 748 2407 extincta
771 2353 881 2427 gente
904 2344 1101 2424 potentium
1126 2345 1353 2424 Arpadarum
1383 2355 1607 2427 exarserant,
1638 2347 1892 2411 deminueban·

151 2498 217 2550 tur.
256 2486 310 2549 Ne
333 2486 482 2565 labaret,
505 2485 634 2546 iterum
658 2504 679 2545 1
702 2484 788 2546 sede
812 2482 1010 2563 11105101111
1034 2483 1225 2562 provisum.
1264 2483 1483 2545 Benedictus
1506 2485 1599 2567 XH,
1622 2505 1781 2549 summus
1804 2507 1891 2568 pon-

151 2625 251 2706 tifex,
275 2623 500 2704 monasteria,
526 2640 618 2704 quae
641 2622 677 2683 in
701 2620 885 2702 provincia
908 2619 1146 2703 Strigoniensi
1174 2631 1211 2683 et
1239 2619 1425 2684 Colocensi
1457 2632 1575 2704 erant,
1608 2623 1642 2687 in
1673 2644 1781 2687 unam
1812 2646 1892 2706 pro-

152 2765 304 2827 vinciam
329 2761 573 2845 congregavit,
598 2771 635 2824 et
659 2759 823 2822 Clemens
845 2759 918 2840 VI.,
951 2759 1011 2840 qui
1039 2760 1149 2822 aetati
1177 2760 1253 2822 eius
1276 2761 1465 2842 successit,
1498 2771 1536 2823 ut
1566 2763 1612 2823 ad
1645 2766 1892 2843 recuperanda

152 2902 367 2967 monasteria
390 2912 427 2964 11
449 2899 695 2982 possessiones
719 2918 841 2960 omnes
864 2898 927 2961 lati
949 2899 1088 2979 imperii
1105 2898 1330 2963 Benedictini
1346 2910 1596 2980 procuratores
1613 2913 1787 2983 crearent,
1810 2909 1887 2981 1343

151 3040 358 3131 constituit.¹
384 3039 526 3120 Quanto
551 3056 659 3119 opere
683 3045 719 3098 et
742 3037 831 3098 haec
856 3038 1000 3100 decreta
1028 3049 1063 3099 et
1087 3037 1245 3118 capitula
1274 3050 1371 3102 certo
1403 3049 1562 3120 tempore
1592 3040 1715 3103 habita
1746 3060 1793 3103 ex
1825 3061 1890 3103 usu

150 3180 284 3243 ordinis
300 3179 505 3259 acciderint,
523 3177 692 3260 cognosci
708 3177 792 3238 licet
808 3195 855 3238 ex
868 3176 1006 3258 11111115,
1024 3196 1113 3257 quas
1126 3175 1377 3259 Sigismundus
1393 3197 1457 3240 rex
1474 3189 1629 3241 exeunte
1646 3181 1767 3241 seculo
1785 3181 1888 3243 XIV.

149 3319 308 3401 scripsit:
342 3317 596 3403 „Subditorum
620 3326 819 3379 nostrorum
842 3314 1037 3378 commodis
1059 3315 1247 3398 invigilare
1275 3327 1454 3379 tenemur:
1483 3317 1692 3397 praesertim
1717 3321 1891 3381 abbatum

149 3470 186 3523 et
215 3460 466 3522 monachorum
497 3455 629 3519 ordinis
659 3475 686 3517 5.
715 3455 919 3536 Benedicti,
951 3455 1190 3537 quorumlibet
1216 3456 1509 3519 monasteriorum
1539 3457 1641 3538 regni
1673 3442 1807 3539 nostri,
1829 3459 1890 3540 qui

148 3599 241 3660 inter
264 3607 462 3660 ceterorum
486 3594 647 3657 ordinum
670 3595 861 3657 monachos
885 3613 927 3657 ac
950 3593 1078 3657 fratres
1101 3594 1136 3655 in
1161 3593 1239 3674 ipso
1262 3614 1374 3676 regno
1402 3595 1634 3676 augmentati,
1666 3595 1759 3658 sicut
1788 3597 1890 3659 iubar

147 3736 312 3797 salutaris
335 3735 477 3797 luminis
499 3733 609 3815 vulgo
633 3754 674 3794 ac
698 3734 831 3815 populo
855 3733 1016 3813 seculari,
1047 3742 1086 3795 ut
1116 3733 1151 3794 in
1182 3732 1405 3795 rectitudinis
1436 3733 1496 3794 via
1527 3743 1562 3796 et
1594 3735 1673 3796 luce
1704 3738 1888 3817 procedat,

147 3875 331 3955 praeclara
366 3875 542 3956 praebent
575 3873 740 3953 exempla
774 3883 810 3935 et
840 3871 1105 3955 regularissima
1139 3872 1329 3934 devotione
1364 3872 1485 3934 divina
1520 3870 1638 3934 officia
1674 3875 1888 3953 complendo

147 4023 343 4094 peragunt:
368 4031 438 4074 non
462 4012 555 4075 enim
579 4010 829 4094 gastrimargia
853 4022 914 4074 aut
938 4011 1107 4074 illecebra
1137 4012 1293 4091 ipsorum
1325 4012 1486 4093 regulam
1518 4010 1704 4092 inquinare
1728 4011 1888 4079 videtur:

277 4275 298 4354 ι)
322 4278 430 4334 Czinar
453 4276 472 4332 1.
497 4295 523 4333 1.
547 4275 570 4333 1.

277 4387 298 4468 1)
322 4388 451 4448 Condita
476 4387 514 4446 ab
538 4387 670 4446 Eberlao
694 4389 732 4445 de
755 4401 857 4445 monte
880 4407 904 4444 s.
930 4385 1058 4461 Georgii
1084 4388 1193 4443 comite
1217 4386 1255 4442 de
1278 4387 1348 4442 villa
1372 4384 1519 4461 Stuppan.

275 4502 297 4580 ³)
321 4503 383 4559 lam
408 4516 478 4558 ante
505 4516 584 4573 1332
610 4503 733 4559 exstitit.

274 4612 296 4692 ⁴)
321 4616 382 4671 lam
411 4629 488 4686 1332
515 4617 637 4672 exstitit.

275 4725 298 4804 ⁵)
322 4729 384 4783 lam
408 4741 477 4784 ante
505 4743 586 4799 1340
609 4726 648 4783 ab
672 4727 729 4782 hoc
754 4726 859 4782 ordine
883 4743 1039 4801 possessa.

274 4835 296 4916 ⁶)
321 4842 384 4896 Has
408 4855 470 4896 tres
493 4838 632 4896 abbatias
658 4843 713 4894 iam
739 4851 807 4894 ante
836 4852 913 4910 1342
940 4839 1102 4901 exstitisse,
1128 4854 1163 4892 ex
1187 4836 1351 4891 litterarum
1379 4838 1576 4890 monumentis
1601 4837 1741 4911 adparet.

276 4950 297 5029 ⁷)
321 4955 398 5010 Ante
427 4953 505 5024 1382
532 4952 662 5007 condita.

278 5060 299 5140 ⁸)
323 5067 382 5121 lam
412 5081 490 5138 1392
518 5067 670 5121 exstitisse
694 5061 821 5117 videtur.

273 5175 295 5253 ⁹)
320 5180 380 5234 Iam
409 5192 489 5232 1220
514 5178 541 5232 in
567 5177 793 5251 possessionem
818 5171 957 5229 abbatiae
981 5192 1005 5228 5.
1029 5171 1175 5247 Stephani
1200 5172 1235 5227 tle
1260 5173 1347 5228 Telki
1374 5186 1506 5227 venerat.

261 5288 293 5366 ιο)
317 5291 442 5345 Praeter
466 5290 540 5343 haec
565 5287 747 5343 monasteria
772 5285 861 5339 multa
885 5285 942 5339 alia
966 5286 1073 5359 partim
1099 5287 1283 5344 interierunt.
1308 5287 1416 5359 partim
1442 5286 1630 5357 privatorum
1656 5286 1738 5343 sacta
1764 5305 1834 5346 sunt
1860 5307 1890 5346 ut

143 5420 178 5456 ex
205 5399 284 5456 bulla
308 5403 472 5457 Clementis
495 5401 544 5455 Vl.
574 5414 652 5470 1341
679 5398 815 5472 adparet.
849 5397 955 5452 Czinar
981 5397 998 5453 1.
1023 5417 1048 5453 1.
1073 5398 1096 5454 l.
