4088 6270
813 535 1092 608 ..407-

139 726 274 784 sterreich
298 746 327 782 11.
352 725 380 782 d.
405 725 503 794 Enns,
527 727 563 784 V.
581 727 619 784 O.
637 727 686 784 W.
704 727 753 784 W.
786 742 834 784 10.
856 725 908 783 Bd.
948 729 952 765 ¹

948 770 951 869 1
990 723 1117 805 amplis
1137 722 1407 806 magistratibus
1430 723 1542 787 functi
1568 734 1605 787 et
1628 725 1821 787 honoribus

139 847 149 889 2
163 851 190 908 p.

949 874 951 905 1
991 845 1093 908 aucti.
1118 843 1156 909 Si
1173 845 1258 927 quid
1275 845 1338 908 otii
1358 847 1525 928 habebat,
1551 867 1654 910 omne
1677 858 1821 928 tempus

167 960 349 1036 Schiessl
386 972 667 1035 Thaddaeus
700 973 911 1055 (Michael-

145 1089 300 1170 ranus),
329 1087 624 1173 Salisburgensis.
659 1090 774 1153 Natus
802 1088 910 1154 Salis-

139 1212 185 1295 rgi
209 1215 257 1275 15.
278 1211 367 1274 Nov.
393 1216 484 1294 1767,
511 1211 600 1294 prof.
630 1217 677 1275 16.
703 1213 792 1276 Nov.
821 1216 910 1293 1788.

139 1334 165 1397 it
183 1336 229 1396 ab
250 1353 343 1397 anno
364 1339 444 1413 1706
468 1354 581 1416 usque
605 1337 651 1398 ad
675 1355 805 1398 annum
830 1339 907 1397 1801

139 1456 263 1519 ›fessor
286 1457 555 1539 grammaticae,
579 1458 742 1539 syntaxis
772 1463 808 1519 et
828 1456 912 1539 poi}-

139 1597 174 1652 s;
198 1577 332 1659 phthisi
352 1579 510 1641 violenta
531 1588 736 1642 consumtus
758 1579 912 1641 animum

139 1699 280 1782 spiravit
298 1721 326 1779 7.
343 1701 432 1782 Apr.
454 1704 545 1765 1801.

167 1839 273 1901 Prelo
291 1839 390 1902 dedit
406 1858 561 1920 sequens
576 1838 869 1920 manuscriptum:
892 1928 910 1967 ἱ

169 1983 384 2040 Katholischer
396 1981 720 2057 Religionsunterricht
733 1981 780 2037 fiir
791 1980 838 2037 die
851 1994 914 2037 stu·

139 2086 223 2143 ende
237 2085 365 2162 Jugend.
390 2081 420 2164 (i.
443 2104 469 2142 6.
490 2086 628 2143 Eruditio
650 2087 678 2142 in
700 2086 847 2160 religione
863 2103 913 2141 ca·

139 2191 193 2247 lica
209 2209 266 2267 pro
282 2192 437 2247 iuventute
449 2187 606 2269 studiosa.)
623 2187 805 2264 Salisburgi,
820 2188 910 2262 1798.

139 2296 181 2369 pis
195 2296 247 2351 Fr.
264 2296 341 2351 Xav.
359 2294 467 2369 Duyle.
487 2293 528 2351 8⁰.

169 2422 397 2518 Schinnagl
435 2434 605 2497 Maurus
649 2431 913 2516 (Scotensis)‚

139 2569 179 2614 ae
201 2553 320 2614 lumen
344 2551 432 2614 adiit
459 2551 496 2614 in
520 2552 690 2613 suburbio
706 2551 913 2633 Viennensi,

139 2672 420 2754 o-Lerchenfeld,
445 2673 503 2735 die
528 2694 575 2752 19.
598 2673 703 2737 Febr.
730 2677 821 2735 1800.
846 2672 914 2753 Qui

139 2811 165 2856 n
181 2795 302 2875 plures
318 2813 383 2874 per
398 2812 510 2855 annos
527 2793 641 2856 ordini
657 2794 796 2875 piarum
813 2796 914 2857 scho-

139 2891 196 2977 um*
202 2915 405 2997 adscriptus
413 2915 550 2998 fuisset,
561 2915 765 2998 ibidemque
779 2936 805 2978 s.
816 2918 915 2978 theo·

139 3035 201 3112 ‚iae
224 3037 343 3100 studia
368 3037 546 3119 coluisset,
572 3037 629 3100 die
657 3042 703 3101 15.
722 3038 802 3103 Oct.
823 3043 914 3120 1824,

139 3156 169 3221 ?.
184 3180 216 3222 n.
233 3158 422 3221 Benedicti
438 3168 556 3222 castra
572 3169 726 3242 secutus,
742 3160 778 3223 in
794 3179 914 3223 mona·

140 3280 192 3343 rio
215 3281 256 3345 B.
277 3280 325 3342 M.
335 3280 379 3343 V.
406 3282 453 3342 ad
476 3278 605 3344 Scotos
625 3282 789 3344 Viennae
813 3301 915 3344 sacra

139 3411 186 3464 ste
202 3414 257 3466 est
273 3403 428 3467 indutus.
451 3403 555 3466 Votis
579 3404 741 3466 sollemni
763 3404 833 3466 ritu
857 3403 914 3465 die

139 3523 241 3588 .Oct.
275 3529 354 3587 1825
384 3525 597 3606 nuncupatis
625 3525 859 3606 confectoque
887 3544 914 3587 s.

139 3646 286 3728 >ologiae
311 3667 416 3709 cursu
439 3646 475 3707 in
501 3646 595 3710 univ.
612 3646 777 3728 Vindob,
799 3665 915 3708 sacer-

139 3765 187 3828 tio
202 3767 435 3850 inauguratus
452 3778 507 3830 est
524 3767 652 3848 dieque
670 3768 913 3831 26.Dec.1825

139 3903 168 3948 eo
182 3889 330 3969 primam
348 3889 568 3952 incruentam
586 3889 740 3951 hostiam
759 3889 916 3951 immola-

143 4050 150 4064 ·
175 4008 301 4073 Statim
319 4011 447 4072 deinde
464 4012 510 4072 ad
528 4010 680 4073 docendi
700 4029 836 4091 munuS,
860 4011 917 4073 cui

139 4142 160 4188 n
175 4131 309 4212 pridem
326 4151 405 4193 sese
422 4141 535 4195 totum
552 4133 744 4215 dicaverat,
762 4133 916 4196 destina-

139 4264 148 4306 1
165 4254 310 4316 alumnis
327 4254 530 4317 erudiendis
542 4254 748 4336 praefectus
765 4265 819 4318 est
835 4274 917 4317 nec-

139 4387 161 4434 u
176 4375 411 4457 professorem
429 4375 504 4458 egit
520 4378 747 4458 supplentem
764 4377 800 4439 in
816 4396 917 4459 gym-

139 4495 190 4557 sio
200 4500 245 4560 ad
260 4497 398 4562 Scotos
424 4497 693 4560 Concionatoris
706 4518 791 4561 vero
808 4499 843 4560 in
860 4517 916 4561 ec·
936 4583 938 4586 Ι

139 4616 198 4680 1816
217 4620 388 4683 abbatiali
409 4639 553 4681 munere
571 4620 717 4701 expleto
739 4625 917 4702 1830—31,

139 4751 149 4792 ὲ
168 4744 214 4804 36.
229 4743 319 4824 Apr.
337 4743 419 4804 anni
435 4744 540 4804 modo
558 4742 644 4804 dicti
660 4741 842 4824 professor
861 4763 918 4805 ac·

139 4861 196 4924 dis
219 4864 385 4928 classium
409 4875 594 4946 grammat.
619 4874 674 4926 est
698 4864 918 4946 designatus.

139 4998 191 5048 1111
208 4986 392 5070 egregium
405 5005 491 5048 sane
505 4985 614 5048 fuisse
631 4986 840 5068 magistrum
855 5005 920 5066 per

148 5110 333 5173 continuos
349 5128 461 5171 annos
483 5128 588 5189 quam
613 5108 755 5190 plurimi
775 5110 919 5170 demon-

139 5240 202 5293 ant
218 5232 395 5313 discipuli,
413 5231 472 5313 qui
490 5251 535 5292 ex
551 5231 627 5293 eius
643 5230 864 5293 institutione
882 5239 918 5292 et

139 5351 273 5435 ciplina
291 5354 501 5436 prodierunt
517 5353 694 5434 hodieque
710 5352 838 5415 florent
853 5351 919 5413 viri

991 966 1125 1030 utiliter
1138 968 1343 1049 expendere
1361 967 1519 1050 cupiens
1536 968 1623 1030 illud
1638 968 1822 1031 tribuebat

991 1088 1257 1170 conscribendis
1287 1089 1387 1152 libris
1418 1090 1658 1172 scholasticis,
1691 1090 1821 1172 quibus

992 1212 1176 1273 commodo
1207 1231 1249 1274 ac
1280 1212 1531 1294 progressibus
1567 1211 1821 1292 discipulorum

992 1335 1203 1397 consuleret.
1225 1333 1304 1414 Qui,
1317 1353 1424 1416 quam
1436 1335 1582 1417 egregie
1595 1332 1728 1396 fuerint
1740 1353 1822 1396 con·

992 1455 1127 1538 scripti,
1150 1475 1255 1537 quam
1271 1456 1378 1538 longe
1393 1458 1537 1538 lateque
1554 1455 1745 1538 divulgati,
1767 1464 1823 1518 sat

992 1577 1183 1660 cognitum.
1208 1576 1266 1641 Ob
1282 1579 1371 1640 haec
1387 1578 1512 1640 merita
1531 1597 1640 1659 saepe
1656 1578 1823 1640 laudatus

993 1702 1039 1761 ab
1056 1701 1199 1762 excelso
1216 1699 1388 1782 regimine
1405 1699 1575 1763 Austriae
1593 1699 1770 1762 inferioris
1787 1709 1824 1761 et

993 1823 1090 1903 apud
1121 1840 1243 1884 omnes
1273 1822 1309 1883 in
1340 1840 1476 1884 summo
1504 1823 1638 1884 honore
1669 1822 1823 1903 habitus,

994 1965 1101 2025 quum
1118 1944 1186 2006 iam
1203 1962 1295 2005 anno
1317 1947 1396 2006 1850
1415 1942 1575 2025 quintum
1596 1941 1823 2024 professurae

993 2067 1143 2129 lustrum
1162 2066 1315 2129 feliciter
1329 2065 1559 2147 explevisset,
1583 2065 1729 2145 eiusque
1753 2083 1823 2126 me-

993 2189 1062 2252 rita
1097 2189 1143 2251 ad
1179 2189 1430 2269 imperatorem
1465 2185 1694 2248 Franciscum
1729 2184 1824 2247 Iose-

993 2311 1102 2393 phum
1118 2310 1143 2373 I.
1162 2310 1281 2373 delata
1297 2308 1458 2389 fuissent,
1484 2306 1740 2390 gratiosissime
1765 2307 1825 2368 de·

995 2443 1128 2495 cretum
1145 2441 1210 2514 est,
1231 2441 1269 2494 ut
1286 2440 1455 2493 coronata
1472 2448 1576 2492 cruce
1597 2448 1714 2509 aurea,
1740 2427 1825 2490 civi·

994 2559 1062 2618 bus
1078 2557 1170 2618 bene
1187 2553 1405 2616 merentibus
1422 2550 1574 2615 conferri
1590 2550 1704 2631 solita,
1722 2569 1823 2611 orna·

994 2673 1822 2758 returcandidumprofessorisveteranipectus

995 2800 1194 2864 Laboribus
1210 2818 1295 2861 vero
1319 2797 1495 2861 continuis
1519 2816 1590 2858 non
1610 2796 1723 2858 solum
1743 2814 1826 2857 ocu·

995 2921 1109 2982 lorum
1124 2920 1238 2983 aciem
1256 2921 1492 2981 hebetaverat
1517 2920 1582 2980 sed
1605 2917 1713 2981 etiam
1737 2917 1825 2979 inte·

995 3044 1168 3106 stinorum
1192 3044 1352 3104 morbum
1375 3050 1501 3103 nactus
1528 3050 1604 3103 erat
1626 3040 1686 3122 ita,
1710 3049 1749 3102 ut
1773 3057 1826 3101 re·

995 3166 1157 3229 nuntiata
1179 3184 1272 3227 anno
1293 3167 1373 3242 1869
1396 3161 1617 3245 professura,
1640 3181 1720 3225 sese
1740 3160 1827 3224 reci-

994 3298 1106 3370 peret.
1130 3287 1257 3349 Morbo
1278 3305 1363 3348 vero
1384 3285 1656 3369 ingravescente
1678 3284 1826 3347 naturae

996 3410 1155 3473 debitum
1170 3409 1301 3472 redidit
1317 3408 1374 3471 die
1392 3412 1443 3470 28.
1460 3408 1547 3471 Dec.
1569 3412 1659 3486 1871.

1083 3549 1196 3633 Typis
1213 3548 1410 3611 mandavit:

1082 3695 1104 3750 I.
1130 3693 1307 3750 Praktische
1327 3692 1526 3766 Anwendung
1551 3690 1604 3747 der
1630 3690 1826 3746 lateinischen

996 3797 1198 3876 Sprachlehre
1220 3799 1247 3852 in
1270 3796 1422 3853 einzelnen
1439 3794 1549 3852 Satzen
1566 3795 1624 3851 und
1640 3812 1826 3850 zusammen·

996 3903 1173 3978 hangenden
1190 3899 1359 3975 Ausgaben.
1384 3902 1456 3956 Zum
1480 3898 1759 3975 Privatgebrauche
1782 3897 1828 3954 fiir

996 4008 1123 4066 Schuler
1139 4007 1193 4063 der
1208 4019 1334 4062 unteren
1351 4005 1689 4062 Grammatikalclassen
1710 4023 1748 4060 an
1770 4003 1827 4058 den

997 4113 1269 4170 osterreichischen
1291 4110 1485 4185 Gymnasien.
1511 4106 1585 4187 (1.6.
1604 4110 1828 4167 Grammaticae

996 4220 1123 4275 Latinae
1140 4218 1177 4273 ad
1193 4235 1278 4272 usum
1295 4212 1480 4292 applicatio.)
1505 4231 1524 4287 4
1541 4215 1601 4272 vol.
1624 4214 1665 4272 8⁰.
1684 4214 1828 4281 Viennae,

1001 4323 1092 4394 1842,
1120 4341 1186 4378 curn
1214 4320 1286 4376 edit.
1315 4317 1405 4391 1846,
1435 4317 1515 4391 1848
1541 4333 1571 4376 61
1599 4319 1689 4392 1863,
1718 4321 1827 4385 iterat..

996 4427 1077 4503 apud
1093 4428 1142 4483 Fr.
1159 4425 1250 4491 Beck,
1269 4425 1347 4479 univ.
1364 4421 1490 4499 bibliop.

1085 4527 1549 4587 1111151111111161161116116116
1571 4527 1758 4584 Grammatik
1782 4525 1829 4582 [dr

998 4635 1125 4693 Schliler
1148 4635 1201 4690 der
1227 4631 1436 4688 unteren·und
1460 4630 1574 4688 oberen
1595 4631 1827 4688 Grammatikal·

998 4742 1117 4798 classen
1133 4758 1171 4795 an
1184 4740 1241 4794 den
1255 4735 1526 4793 osterreichischen
1539 4735 1734 4811 Gymnasien,
1752 4736 1828 4792 nach

999 4846 1057 4900 den
1085 4843 1191 4901 besten
1219 4857 1351 4897 neueren
1379 4839 1622 4898 Grammatikern
1648 4839 1826 4897 bearbeitet.

999 4947 1028 5028 (i.
1046 4967 1072 5006 e.
1093 4948 1297 5005 Grammatica
1314 4943 1422 4999 Latina
1437 4944 1475 4999 ad
1493 4964 1578 5000 usum
1596 4963 1721 5018 gramm.
1738 4945 1827 5000 class

999 5051 1169 5131 destinata.)
1198 5066 1209 5107 1
1233 5049 1293 5107 vol.
1319 5047 1362 5108 8⁰.
1387 5051 1531 5115 Viennae,
1558 5048 1648 5122 1845,
1672 5049 1753 5125 apud
1777 5049 1827 5104 Fr.

1000 5158 1091 5215 Beck.
1115 5157 1163 5213 Ab
1180 5169 1299 5231 august.
1317 5157 1453 5231 imperat.
1471 5152 1663 5209 Ferdinando
1684 5156 1713 5210 in
1735 5155 1829 5229 ipsius

1001 5262 1139 5322 biblioth.
1158 5277 1271 5338 recept.

1085 5369 1137 5425 ΙΙΙ.
1155 5367 1349 5423 Praktischer
1364 5363 1525 5421 Leitsadcn
1541 5361 1619 5420 beim
1637 5362 1829 5420 Unterrichte

139 5476 270 5540 ctrinae
279 5475 377 5539 fama
385 5475 597 5556 virtutisque
611 5474 716 5536 laude
726 5472 918 5555 conspicui,
958 5464 961 5542 l
999 5477 1028 5531 in
1045 5474 1099 5530 der
1119 5473 1313 5530 lateinischen
1331 5472 1474 5527 161111611-
1492 5468 1551 5524 und
1567 5467 1731 5525 Satzlehre.
1756 5468 1828 5522 Zum
