4034 6262
712 508 967 581 ..55-

125 684 362 759 nnerbauer
383 694 664 777 Wolfgangus
696 694 799 775 (610-
837 746 840 769 ,

128 811 237 895 nais),
277 822 385 875 antea
414 812 577 895 Michael,
608 810 798 877 Cremifani

124 933 315 1018 50011835
340 946 443 999 natus
467 935 598 999 ibidem
620 935 798 1020 gymnasii

124 1058 266 1132 bsolvit;
291 1079 318 1120 s.
331 1059 454 1122 habitu
466 1059 524 1121 die
539 1064 591 1122 ³1.
604 1058 700 1141 Aug.
717 1061 798 1120 1856

142 1180 378 1263 confectoque
405 1181 566 1244 tirocinio
593 1180 799 1263 disciplinas

124 1321 189 1364 cas
212 1303 249 1365 in
268 1302 431 1366 instituto
455 1303 656 1385 theologico
679 1304 798 1365 dome·

124 1479 126 1487 .
141 1445 167 1487 s.
183 1424 388 1489 Florianum
410 1426 543 1507 didicit,
568 1425 625 1487 die
643 1446 693 1504 ²9·
710 1427 797 1488 Dec.

124 1548 294 1611 llemniter
314 1547 497 1630 professus
521 1557 558 1610 et
581 1548 638 1609 die
662 1551 712 1610 28.
734 1547 797 1610 Iul.

124 1670 188 1732 ntis
204 1670 286 1732 anni
303 1670 395 1732 inter
406 1671 612 1732 sacerdotes
625 1669 798 1732 ecclesiae

124 1811 164 1855 ae
179 1801 378 1873 cooptatus.
408 1796 573 1872 1861—75
589 1801 799 1872 cooperator

124 1933 234 1996 tmpus
247 1915 410 1996 provisor
421 1913 612 1996 parochiae
625 1913 798 1976 Buchkir·

128 2041 275 2117 875-78
303 2037 478 2118 parochus
501 2037 536 2099 in
560 2036 671 2118 Rohr,
700 2034 799 2098 initio

124 2179 159 2239 79
183 2161 230 2222 ad
257 2159 571 2222 administrandam
596 2157 799 2240 parochiam

124 2282 211 2344 llzell
232 2282 380 2345 transiit.
411 2280 634 2362 Quamquam
658 2281 694 2342 in
715 2299 799 2342 cura

124 2388 163 2467 un
189 2404 494 2485 occupatissimus,
525 2422 628 2466 omne
657 2411 798 2484 tempus

124 2546 261 2589 racuum
281 2527 329 2588 ad
344 2527 535 2608 legendum
557 2525 798 2588 scribendum-

127 2659 267 2711 vertere
287 2650 378 2711 solet
401 2658 437 2712 et
460 2649 575 2710 adhuc
598 2649 686 2710 haec
710 2667 797 2729 opu·

124 2770 178 2852 pis
194 2770 392 2833 mandavit:

124 2896 311 2971 urzgesasste
327 2897 463 2954 Chronik
479 2897 532 2953 des
549 2897 603 2953 0111
606 2895 797 2970 hundertjah·

124 3001 369 3059 edictinerstiites
378 3003 621 3059 Kremsmiinster
629 3001 682 3057 aui
689 3001 797 3057 dessen

124 3125 129 3135 ·
148 3104 240 3180 1877.
257 3103 286 3184 (1.
304 3125 330 3163 0.
348 3108 453 3163 Brevis
469 3108 611 3164 historiae
624 3107 797 3163 monasterii

124 3212 201 3268 ensis
217 3214 369 3268 enarratio
386 3213 500 3287 scripta
516 3211 553 3267 ad
569 3230 676 3266 annum
694 3230 796 3267 mona·

124 3315 225 3371 ilaeum
248 3314 348 3395 1877.)
373 3317 456 3383 Linz,
480 3314 721 3372 Buchdruckerei
743 3315 797 3372 des

124 3438 176 3476 1011
190 3421 431 3477 Pressvereines.
450 3420 491 3478 8⁰.
510 3436 526 3493 5
531 3436 548 3493 5
567 3440 596 3495 p.

124 3522 211 3581 »briss
227 3525 282 3580 der
294 3524 477 3581 Geschichte
490 3523 544 3581 des
556 3523 661 3581 Stistes
674 3525 796 3580 Krems·

124 3629 182 3685 und
205 3630 305 3686 seiner
328 3629 490 3686 Piarreien.
519 3629 595 3685 Eine
618 3628 799 3686 Festschrift

124 3733 170 3791 lfte
183 3733 387 3790 Sacularieier
399 3734 499 3791 dieses
508 3733 623 3791 Stiites.
636 3730 666 3812 (i.
681 3753 706 3789 e.
721 3732 798 3790 Suc-

124 3840 230 3896 rtoriae
247 3840 419 3897 monasterii
437 3838 671 3895 Cremiianensis
692 3852 722 3894 et
743 3857 797 3914 pa·

124 3962 137 3999 1
152 3943 250 4001 eidem
267 3945 526 4018 incorporatarum
540 3945 672 4017 epitome
684 3945 797 4018 scripta

124 4046 304 4104 liubilaeum
326 4044 427 4125 1877.)
446 4048 641 4104 lirwciterter
652 4046 797 4123 Separat·

124 4170 172 4207 1115
188 4151 255 4207 dem
271 4151 463 4226 ,Deutschen
476 4152 696 4219 Hausschatz“‚
711 4152 797 4227 Jahr-

124 4256 168 4312 10.
185 4269 237 4328 43.
255 4253 467 4329 Regensburg‚
490 4256 594 4313 Druck
610 4255 669 4311 und
684 4254 798 4330 Verlag

124 4374 159 4428 et,
175 4365 219 4435 4⁰.
242 4359 278 4417 16
295 4379 324 4435 p.

124 4466 404 4523 Kremsmiinsterer
421 4463 661 4520 Volkskaiender
678 4463 731 4519 aui
744 4464 798 4520 das

124 4569 148 4627 l.
169 4568 199 4649 (i.
217 4590 244 4627 e.
261 4568 470 4625 Calendarium
492 4570 520 4623 in
537 4587 621 4624 usum
638 4569 797 4644 parochia-

124 4670 372 4751 emisanensium.)
385 4674 469 4740 Linz,
480 4672 796 4729 Pressvercinsdruck.

125 4882 372 4941 Eberstallzeller
387 4880 629 4937 Volkskalender
649 4879 677 4958 (i.
695 4902 721 4938 e.
739 4882 796 4938 Ca·

124 5009 129 5045 ι
142 4990 172 5044 111
180 5006 268 5044 usum
278 4987 527 5062 parochianorum
541 4989 570 5042 in
579 4983 797 5064 Eberstallzell)

124 5094 173 5151 nr
193 5091 286 5165 1879·
304 5089 378 5147 1111.
396 5089 437 5146 80.
456 5090 495 5147 68
513 5109 542 5165 p.

124 5205 251 5280 chant
282 5213 539 5276 Norbertus
572 5213 797 5276 Henricus

124 5333 221 5414 1515).
247 5331 409 5394 Viennae
422 5331 457 5392 in
473 5330 620 5394 Austria
634 5332 731 5394 vitae
747 5332 797 5393 lu·
835 5380 838 5420 ÷

124 5457 147 5520 it
159 5456 221 5519 die
240 5459 288 5518 15.
302 5453 365 5516 Iul.
384 5457 474 5531 1821,
491 5464 592 5536 patre
605 5472 670 5535 per
682 5458 724 5516 50
736 5473 797 5515 an·
835 5448 838 5479 ¹

878 713 943 757 nos
969 696 1101 759 famulo
1124 697 1160 758 in
1183 699 1370 780 gymnasio
1394 700 1704 764 Benedictinorum
1797 717 1800 723 ·

878 817 924 878 ad
942 813 1080 882 Scotos.
1112 816 1199 881 Cum
1222 818 1331 902 igitur
1353 821 1484 884 ibidem
1503 821 1606 885 bonis
1627 821 1705 883 lite-

878 937 925 1000 ris
941 957 1086 1020 operam
1102 951 1279 1023 navasset,
1297 953 1538 1006 consummato
1559 944 1594 1005 in
1610 943 1705 1004 univ.

878 1058 1031 1123 Vindob.
1052 1080 1157 1123 cursu
1176 1062 1431 1146 philosophico,
1455 1065 1705 1126 monasterium

878 1182 924 1243 ad
951 1179 1079 1246 Scotos
1104 1183 1287 1267 ingressus
1318 1185 1375 1247 die
1404 1207 1454 1248 21.
1482 1186 1582 1268 Sept.
1614 1191 1705 1266 1840,

878 1313 963 1367 vota
978 1306 1137 1369 sollemni
1152 1307 1222 1370 ritu
1238 1310 1457 1389 nuncupavit
1470 1309 1527 1371 die
1541 1329 1591 1386 24.
1605 1309 1704 1390 Sept.

883 1430 973 1504 1841.
996 1427 1183 1491 Absolutis
1199 1430 1281 1492 dein
1304 1441 1552 1493 sacrosanctae
1573 1430 1706 1493 theolo-

878 1547 960 1630 giae
981 1550 1107 1612 studiis
1130 1552 1166 1613 in
1189 1552 1283 1614 univ.
1300 1552 1465 1633 Vindob.,
1490 1553 1547 1615 die
1571 1571 1620 1630 ²7·
1642 1552 1705 1614 Iul.

883 1674 963 1748 1845
984 1682 1170 1756 neomysta
1192 1672 1318 1756 factus,
1343 1675 1462 1738 statim
1485 1675 1531 1737 ad
1556 1674 1705 1737 docendi

878 1812 1005 1855 munus
1020 1794 1056 1857 in
1075 1796 1263 1878 gymnasio
1283 1797 1485 1859 monasterii
1507 1797 1706 1859 destinatus

880 1925 944 1977 est.
973 1914 1077 1996 Quod
1098 1936 1178 1979 cum
1201 1937 1266 2000 per
1292 1938 1325 1979 11
1353 1937 1465 1980 annos
1488 1937 1553 1999 pro
1576 1917 1706 1999 linguis

880 2037 1037 2100 classicis
1049 2039 1299 2121 supplevisset,
1312 2060 1344 2104 a.
1360 2043 1440 2102 1850
1452 2040 1634 2122 professor
1649 2059 1706 2101 ac-

875 2159 984 2221 tualis
1001 2161 1210 2243 designatus
1226 2171 1291 2240 est,
1308 2162 1408 2224 cuius
1421 2172 1543 2244 partes
1560 2160 1706 2243 egregie
1762 2228 1777 2243 ⁴,

879 2282 1044 2346 sustinuit
1064 2303 1176 2365 usque
1197 2286 1242 2347 ad
1263 2304 1419 2347 mensem
1435 2285 1498 2347 Iul.
1520 2288 1610 2364 1870,
1636 2303 1705 2365 quo

878 2411 1048 2486 tempore,
1061 2425 1140 2468 cum
1152 2406 1336 2488 paullatim
1347 2407 1515 2469 audiendi
1528 2425 1635 2467 sensu
1649 2425 1706 2466 ca-

878 2538 981 2608 reret,
999 2528 1149 2591 docendi
1165 2549 1310 2592 munere
1327 2549 1365 2591 se
1387 2528 1577 2591 abdicavit.
1606 2527 1704 2589 Insu-

877 2669 942 2732 per
957 2650 1008 2712 rei
1024 2651 1239 2713 nummariae
1256 2661 1292 2713 et
1304 2650 1495 2733 insignium
1507 2669 1705 2732 pergnarus

877 2773 959 2835 inde
975 2775 1022 2835 ab
1037 2792 1131 2836 anno
1148 2776 1226 2852 1857
1245 2774 1428 2835 custodem
1441 2772 1517 2854 egit
1528 2771 1703 2853 sepulchri

876 2892 1022 2957 Henrici
1043 2894 1087 2958 II.
1111 2894 1340 2978 Iasomirgott
1363 2893 1558 2956 fundatoris
1586 2912 1706 2954 mona-

876 3016 975 3080 sterii
996 3017 1036 3080 B.
1053 3016 1101 3080 M.
1118 3017 1162 3081 V.
1182 3019 1228 3080 ad
1248 3015 1377 3081 Scotos
1392 3017 1554 3079 Viennae
1575 3024 1612 3077 01
1634 3014 1705 3077 ind.

876 3139 922 3200 ab
939 3158 1031 3201 anno
1051 3142 1132 3201 1866
1148 3138 1461 3222 nummophylacii;
1479 3158 1549 3221 qua
1565 3139 1609 3200 de
1625 3156 1706 3219 pro-

876 3260 992 3323 vincia
1015 3261 1147 3342 optime
1171 3262 1316 3324 meritus
1340 3281 1432 3324 anno
1460 3265 1538 3339 1872
1564 3268 1706 3322 moneta

877 3404 985 3447 aurea
1001 3404 1066 3466 pro
1081 3384 1209 3447 litteris
1226 3394 1263 3447 et
1278 3384 1415 3447 artibus
1432 3392 1487 3446 est
1506 3382 1705 3465 insignitus,

876 3525 942 3569 nec
954 3526 1024 3569 non
1036 3506 1222 3569 societasa
1234 3507 1353 3569 studio
1364 3506 1586 3587 antiquitatis
1597 3504 1706 3567 Vien-

877 3647 944 3691 nae
959 3628 1028 3690 iam
1046 3628 1182 3710 pridem
1201 3647 1280 3691 eum
1298 3628 1365 3692 sibi
1385 3628 1523 3692 addidit
1538 3626 1705 3689 sodalem.

964 3750 1076 3832 'lypis
1093 3751 1217 3813 edidit:

960 3865 1706 3942 I.ZurPrimizicierdesP.SigismundGschwand·

877 3992 939 4041 ner,
957 3973 1011 4028 Dr.
1028 3971 1082 4028 der
1097 3972 1293 4048 Philosophie
1315 3973 1374 4028 und
1395 3972 1449 4028 der
1468 3971 1562 4028 1101011
1578 3972 1705 4026 Kiinste.

851 4108 856 4117 ·
877 4074 907 4156 (i.
917 4096 943 4134 e.
957 4078 1055 4134 Carm.
1066 4076 1154 4134 iamb.
1164 4077 1202 4133 ad
1215 4077 1360 4152 primitias
1369 4077 1402 4133 P.
1412 4075 1443 4133 S.
1456 4071 1706 4152 Gschwandner.)

877 4182 1021 4245 Viennae,
1043 4181 1133 4255 1849,
1151 4195 1215 4256 typ.
1232 4182 1302 4237 Car.
1321 4177 1534 4238 Ueberreuter.

964 4287 1001 4342 11.
1012 4287 1074 4342 Der
1083 4286 1207 4342 Blumen
1217 4284 1462 4359 Friihlingsieier.
1474 4280 1594 4361 (Hymn.
1605 4281 1706 4363 iamb.)

877 4392 950 4446 Zum
964 4387 1130 4466 jubelieste
1147 4391 1184 4445 im
1202 4387 1291 4445 Stiste
1308 4387 1453 4445 Schotten
1470 4406 1516 4443 am
1535 4387 1584 4444 28.
1596 4387 1707 4463 Janner

882 4494 971 4568 1857.
989 4491 1018 4572 (1.
1035 4514 1061 4550 0.
1079 4495 1207 4550 Carmen
1223 4493 1260 4548 ad
1279 4491 1436 4549 iubilaeum
1453 4488 1544 4569 111011.)
1561 4492 1705 4559 Viennae,

878 4611 940 4674 typ.
957 4598 1027 4655 Ant.
1045 4596 1232 4671 Schweiger.

963 4704 1016 4760 ΙΙΙ.
1030 4703 1089 4758 Zur
1101 4700 1307 4758 Schillerieier
1319 4720 1366 4756 am
1383 4714 1431 4756 10.
1445 4701 1521 4757 Nor.
1540 4699 1619 4773 1859
1636 4720 1704 4757 vom

877 4807 906 4862 k.
923 4807 954 4862 k.
977 4805 1171 4881 Gymnasium
1197 4824 1232 4860 zu
1258 4802 1316 4861 den
1337 4803 1484 4861 Schotten
1505 4807 1535 4862 in
1552 4805 1640 4862 Wien
1661 4803 1706 4860 als

876 4906 1174 4982 Erinnerungsgabe.
1196 4904 1225 4985 (i.
1243 4929 1269 4965 e.
1287 4910 1414 4965 Carmen
1430 4907 1518 4965 iamb.
1537 4911 1565 4964 in
1585 4909 1706 4964 sollem-

877 5015 969 5071 nitate
985 5010 1202 5090 Schilleriana.)
1219 5012 1299 5088 Typ.
1316 5012 1427 5070 Anton.
1445 5010 1629 5093 Schweiger.

963 5120 1705 5203 Conscripsitporroadiprogrammgym-

877 5235 965 5298 nasii
982 5236 1027 5298 ad
1045 5231 1188 5297 Scotos:

963 5352 1012 5407 lV.
1035 5349 1209 5423 Erklairung
1224 5349 1279 5405 der
1295 5350 1490 5424 wichtigeren
1511 5347 1705 5421 civilproces·

876 5455 1046 5511 sualischen
1060 5451 1251 5519 Α115111110110,
1268 5453 1317 5510 die
1333 5454 1362 5509 in
1379 5454 1503 5510 Ciceros
1516 5449 1618 5506 Reden
1635 5467 1706 5505 vor·
