4088 6270
541 1660 998 1745 ADNOTATIONES
1038 1661 1325 1746 PRAEVlAE.

194 2095 291 2197 Quia
315 2120 394 2197 apud
419 2139 524 2176 omnes
540 2119 603 2176 sere
628 2121 763 2177 homines
786 2122 921 2178 eruditos
938 2123 1018 2179 valet
1040 2125 1217 2189 auctoritas
1240 2141 1317 2197 opus
1334 2124 1428 2178 maius
1453 2123 1513 2180 tum
1538 2124 1656 2181 demum
1673 2143 1801 2199 magnae

59 2231 199 2286 utilitatis
227 2243 318 2304 atque
346 2228 416 2286 boni
442 2248 514 2285 usus
543 2247 611 2285 esse
639 2246 763 2304 operam
793 2229 900 2286 studiis
923 2220 1075 2286 literarum
1107 2228 1295 2295 navantibus,
1327 2231 1352 2285 si
1372 2231 1528 2303 exquisitis
1556 2245 1586 2286 et
1614 2243 1707 2287 totam
1731 2230 1799 2288 libri

60 2335 216 2390 materiem
241 2331 511 2409 complectentibus
535 2346 711 2389 exornatum
731 2348 778 2391 est
796 2335 953 2415 indicibus,
977 2348 1113 2392 nostrum
1137 2353 1206 2390 esse
1230 2336 1400 2410 putavimus
1424 2348 1486 2391 tres
1509 2335 1633 2401 indices,
1661 2349 1693 2391 ut
1716 2350 1799 2394 recte

59 2440 202 2513 iustoque
233 2438 262 2493 in
293 2437 387 2492 literis
419 2437 566 2512 postulari
594 2450 710 2512 potest,
746 2437 924 2512 adiungere,
960 2457 1022 2513 quo
1057 2438 1137 2495 sacto
1170 2440 1237 2494 huic
1273 2441 1315 2495 rei
1352 2453 1457 2495 nostra
1491 2439 1611 2514 quidem
1648 2443 1797 2497 sententia

58 2561 150 2617 quam
174 2543 288 2617 optime
313 2553 359 2597 est
383 2558 571 2617 responsum.
607 2539 812 2609 Quamobrem
836 2541 1016 2598 antecedant
1040 2546 1151 2599 ceteris
1173 2561 1279 2618 pauca,
1304 2562 1381 2617 quae
1406 2545 1649 2619 interpretantur,
1674 2544 1745 2618 quid
1770 2548 1799 2600 in

59 2644 212 2703 indicibus
229 2644 423 2701 conficiendis
444 2646 691 2720 spectaverimus,
715 2645 820 2720 quales
836 2647 1114 2712 existimaverimus,
1139 2666 1201 2722 quo
1225 2646 1315 2702 modo
1340 2647 1395 2703 illis
1411 2649 1450 2703 sit
1472 2646 1623 2703 utendum.
1655 2645 1800 2723 Sequitur

57 2753 137 2807 enim
162 2763 285 2826 praeter
308 2762 410 2805 cetera
438 2746 463 2826 ι)
488 2751 614 2825 primum
638 2749 726 2805 index
742 2759 928 2824 personarum
952 2749 1059 2806 deinde
1084 2748 1113 2829 2)
1137 2752 1258 2807 locorum
1282 2752 1346 2807 sive
1367 2752 1572 2826 geographicas
1595 2765 1655 2808 tum
1683 2750 1714 2831 3)
1737 2771 1798 2808 ma-

57 2857 194 2911 teriarum
222 2853 269 2909 vel
299 2855 400 2929 potius
429 2854 608 2927 singularum
635 2854 823 2910 scientiarum.
867 2854 913 2909 De
942 2856 1039 2929 primo
1068 2854 1187 2928 quidem
1218 2855 1314 2911 indice
1342 2873 1440 2931 pauca
1468 2868 1581 2911 tantum
1612 2855 1700 2913 nobis
1728 2870 1797 2912 sunt

57 2958 198 3016 dicenda.
236 2958 355 3013 Etenim
380 2959 436 3012 iam
461 2976 497 3013 ex
523 2959 645 3016 notione
668 2975 724 3013 sua
747 2959 889 3025 continet,
913 2957 950 3014 de
967 2956 1077 3033 quibus
1093 2972 1192 3015 actum
1210 2971 1256 3015 est
1272 2958 1457 3028 auctoribus,
1482 2960 1629 3036 disposita
1644 2961 1796 3017 literarum

56 3064 166 3120 ordine
190 3065 309 3118 nomina
332 3075 423 3136 atque
447 3061 504 3119 sub
521 3061 607 3137 prelo
628 3080 707 3136 quae
722 3075 791 3118 sunt
815 3062 996 3138 interlapsae
1020 3062 1209 3137 singulorum
1233 3062 1368 3120 locorum
1386 3082 1463 3137 quae
1481 3066 1592 3138 corrigi
1610 3067 1668 3121 iam
1691 3067 1797 3140 nequi·

59 3182 171 3224 verunt
203 3169 455 3243 transpositiones
487 3166 674 3234 emendatas;
714 3185 773 3242 qua
804 3166 841 3222 de
873 3186 964 3223 causa
994 3167 1129 3241 singulas
1161 3168 1247 3224 huius
1279 3169 1380 3242 operis
1411 3170 1538 3243 paginas
1569 3171 1796 3226 nominavimus.

56 3274 217 3328 Nominum
241 3285 340 3326 autem
366 3271 413 3327 hic
436 3270 495 3328 illic
520 3269 597 3328 libro
622 3284 925 3327 commemoratorum
949 3289 1010 3327 non
1034 3285 1080 3327 est
1104 3272 1183 3328 lacta
1207 3272 1266 3327 ulla
1290 3274 1414 3340 mentio;
1447 3291 1514 3328 nam
1538 3273 1606 3338 illis,
1635 3286 1795 3349 praeterea

56 3378 183 3432 minoris
212 3390 311 3431 tamen
338 3376 490 3442 momenti,
521 3376 653 3450 receptis
681 3387 711 3430 et
738 3375 877 3430 volumen
904 3373 1010 3431 indicis
1038 3371 1257 3453 (personarum)
1286 3395 1474 3452 supervacue
1502 3376 1737 3452 amplificaretur
1765 3389 1795 3433 et

56 3481 252 3537 difficultates
284 3498 321 3535 eo
350 3479 502 3536 utentibus
529 3480 596 3554 plus
626 3481 701 3534 iuste
731 3492 922 3554 augerentur.
951 3512 993 3521 —
1021 3479 1137 3554 Singuli
1168 3481 1293 3555 singulis
1323 3481 1490 3538 nominibus
1519 3484 1651 3557 propriis
1682 3481 1793 3556 adpicti

56 3586 195 3641 asterisci
219 3581 258 3663 (*)
282 3584 370 3639 dicere
392 3584 490 3639 volun!
511 3583 579 3639 illos
603 3584 686 3639 viros
709 3581 845 3652 abbates,
875 3582 936 3639 bini
961 3581 1016 3662 (**)
1040 3587 1214 3660 episcopos,
1247 3588 1322 3640 terni
1346 3582 1420 3663 (m)
1443 3604 1516 3641 vero
1545 3584 1793 3659 archiepiscopos

56 3709 137 3760 esse,
161 3703 212 3745 aut
237 3689 340 3745 fuisse.
379 3689 575 3765 Compendia‚
599 3689 706 3763 quoin
730 3691 912 3746 monasterio
936 3690 1004 3763 quis
1020 3690 1058 3745 sit
1081 3702 1132 3745 aut
1156 3688 1252 3755 luerit,
1277 3691 1459 3764 exponentia
1480 3708 1537 3764 per
1559 3707 1593 3744 se
1616 3691 1682 3764 ipsa
1706 3688 1793 3744 intel-

55 3795 205 3867 leguntur.
252 3792 347 3849 Sacer
370 3793 458 3849 Mons
481 3794 653 3848 Pannoniae
681 3791 819 3848 omnibus
847 3793 923 3849 loeis
958 3793 1013 3864 „de
1042 3813 1065 3849 s.
1090 3795 1129 3849 M.
1154 3794 1259 3860 Pan.“‚
1288 3812 1313 3849 s.
1338 3793 1418 3848 Petri
1442 3791 1612 3866 Salisburgi
1638 3791 1788 3867 „Salisb.“

55 3897 233 3973 simpliciter
257 3899 455 3954 nominantur.
488 3898 599 3954 Verum
628 3900 782 3954 enimvero
811 3897 868 3954 hoc
893 3897 990 3954 indice
1019 3911 1077 3953 tam
1101 3897 1178 3954 bene
1202 3899 1243 3953 uti
1268 3899 1382 3973 possis,
1415 3912 1447 3953 ut
1474 3910 1615 3953 auctores
1639 3895 1715 3952 libro
1739 3896 1792 3952 de·

55 4005 189 4077 scriptos
213 4003 312 4057 statim
337 4003 482 4086 invenias.
506 4034 549 4043 -

191 4102 220 4183 2)
245 4105 338 4161 Indici
362 4106 498 4160 locorum
521 4107 586 4161 sive
613 4100 822 4181 geographico
854 4104 892 4161 ad
921 4125 1008 4161 unum
1037 4107 1138 4161 omnia
1160 4108 1259 4161 insunt
1289 4107 1417 4171 nomina,
1449 4125 1575 4180 quorum
1607 4109 1635 4162 in
1666 4110 1792 4186 singulis

55 4212 189 4266 virorum
214 4211 283 4264 vitis
307 4209 387 4265 sacta
410 4223 456 4264 est
479 4211 601 4276 menti0,
627 4212 715 4265 etiam
736 4210 842 4266 ordine
866 4210 1019 4266 literarum
1043 4209 1200 4284 disposita.
1240 4210 1299 4278 Qui
1317 4210 1404 4266 index
1422 4225 1451 4266 et
1467 4230 1499 4267 re
1516 4225 1545 4267 et
1565 4232 1620 4268 usu
1644 4227 1690 4270 est
1713 4215 1791 4282 talis,

55 4314 153 4388 qualis
178 4316 299 4369 omnino
324 4313 411 4369 index
435 4315 661 4391 geographicas
685 4315 824 4390 componi
849 4314 936 4370 solet.
968 4314 1071 4382 Quare
1095 4332 1154 4370 non
1178 4313 1297 4370 difficile
1317 4316 1382 4379 erit,
1407 4317 1479 4389 quin
1504 4314 1580 4371 libro
1604 4330 1691 4374 utens
1708 4338 1790 4375 com·

56 4418 169 4495 pendia
193 4420 258 4475 eius
282 4432 380 4475 mente
397 4421 462 4493 ipse
485 4421 647 4495 percipias.
686 4420 760 4476 Cum
784 4432 883 4475 autem
905 4421 954 4474 uni
977 4417 1072 4474 eidem
1097 4416 1269 4474 habitaculo
1293 4421 1396 4474 variae
1417 4418 1619 4476 attribuuntur
1640 4424 1790 4491 notiones,

55 4523 121 4579 steri
145 4541 205 4578 non
228 4540 321 4598 posse
345 4524 589 4589 existimavimus,
618 4525 689 4598 quin
712 4523 831 4578 silentio
855 4522 1096 4598 praetereundae
1120 4535 1231 4578 essent.

186 4625 217 4703 3)
240 4626 308 4681 Non
332 4644 427 4702 parva
449 4646 523 4683 vero
551 4626 639 4684 nobis
671 4640 736 4682 erat
764 4626 924 4683 difficultas
953 4629 982 4683 in
1010 4626 1109 4683 indice
1137 4628 1328 4683 materiarum
1352 4627 1572 4703 componendo
1612 4628 1681 4696 Qua
1705 4632 1735 4686 in
1758 4646 1791 4684 re

55 4729 145 4787 nobis
170 4730 308 4805 profecto
333 4749 456 4806 operam
480 4731 577 4787 daturi
601 4750 731 4800 eramus,
755 4745 788 4788 ut
810 4734 924 4807 scripta
946 4729 1101 4805 librosque
1123 4733 1173 4797 ita,
1199 4743 1230 4786 ut
1250 4733 1294 4786 eis
1318 4732 1492 4807 inscriptum
1516 4745 1572 4798 est,
1596 4732 1701 4788 ordine
1724 4734 1790 4790 lite-

55 4854 156 4890 rarum
173 4833 358 4902 afferremus,
379 4835 496 4909 qualem
514 4835 661 4892 tractandi
678 4836 798 4892 modum
815 4833 951 4910 partibus
968 4833 1176 4911 biographicis
1195 4833 1402 4890 constantibus
1419 4854 1468 4891 res
1485 4838 1551 4912 ipsa
1566 4855 1639 4892 sane
1655 4838 1790 4912 postula·

53 4942 160 5007 visset,
193 4941 248 4995 nisi
273 4952 372 4995 autem
397 4958 491 5015 opera
514 4940 561 4996 vel
586 4942 666 5015 typis
689 4941 737 4996 vel
765 4958 853 4996 manu
876 4941 990 5015 scripta
1013 4940 1122 5013 linguis
1150 4938 1351 4995 dissimillimis
1374 4952 1476 4995 essent
1503 4939 1653 5015 expedita.
1700 4940 1790 5010 Quod

54 5064 133 5110 cum,
160 5044 254 5099 titulis
279 5045 307 5098 in
331 5062 499 5100 sermonem
524 5044 646 5100 latinum
675 5047 841 5112 conversis,
865 5047 949 5101 notio
973 5057 1178 5100 verumtamen
1201 5042 1302 5099 multis
1325 5045 1354 5098 in
1377 5042 1453 5098 locis
1476 5044 1581 5099 similis
1604 5044 1704 5111 modo,
1735 5045 1790 5101 sed

51 5167 114 5204 non
139 5146 243 5203 eadem
262 5160 352 5213 esset,
378 5147 440 5203 sieri
456 5166 517 5204 non
532 5161 663 5223 poterat,
687 5151 759 5224 quin
776 5149 850 5205 tituli
874 5149 1061 5224 singulorum
1085 5167 1210 5224 operum
1227 5147 1314 5203 aliter
1329 5166 1364 5203 ac
1382 5147 1482 5222 lingua
1506 5151 1650 5222 cuiusque
1674 5151 1789 5205 autoris

51 5251 216 5308 vernacula
245 5251 340 5307 literis
370 5254 628 5325 consignarentur.
671 5253 776 5328 Itaque
798 5253 846 5309 hic
869 5253 958 5310 index
981 5254 1154 5309 necessario
1179 5264 1224 5307 tot
1247 5264 1349 5328 partes
1365 5253 1555 5319 continuerit,
1580 5264 1654 5327 quot
1669 5252 1789 5327 linguae

54 5360 85 5413 in
111 5369 243 5412 tractato
267 5374 362 5432 opere
386 5369 513 5412 exstant.
552 5357 714 5413 Praeterea
737 5355 825 5414 nobis
854 5371 918 5414 erat
941 5357 1147 5433 spectandum,
1179 5375 1215 5412 ne
1240 5359 1268 5412 in
1291 5355 1512 5414 conscribendo
1534 5357 1668 5431 generali
1691 5357 1789 5414 indice

51 5462 146 5517 latino
172 5460 306 5529 eaedem,
332 5479 407 5534 quas
423 5462 514 5538 paulo
530 5463 926 5546 ante'commemoravimus,
951 5460 1141 5517 difficultates
1157 5479 1190 5516 se
1208 5461 1360 5518 offerrent.
1395 5461 1463 5517 Hoc
1480 5460 1569 5518 modo
1585 5473 1685 5517 autem
1701 5461 1787 5518 buius

304 5556 307 5562 ’
1530 5562 1562 5609 68
