4034 6262
896 524 1177 596 ..125-

138 735 247 793 rum
267 726 503 790 possessores,
524 707 673 769 ademtis
693 706 851 788 ipsorum
866 707 1002 771 iuribus
1081 719 1188 792 tasse,
1216 720 1252 773 et
1275 713 1412 774 aerario
1434 733 1461 777 s.
1486 714 1598 777 Blasii
1626 716 1792 779 damnum
1816 717 1912 779 haud

143 857 187 913 et
215 833 328 900 valde
344 829 546 894 imminutis
566 830 750 911 reditibus,
775 832 821 893 ad
845 830 1001 914 inopiam
1082 832 1251 915 exiguum
1271 832 1411 916 fecisse,
1435 835 1519 898 licet
1540 836 1707 918 princeps
1731 858 1912 919 nunquam

149 969 247 1032 fere
265 953 468 1036 redegisset,
485 972 507 1014 a
517 953 666 1034 singulis
679 952 754 1014 fere
767 953 928 1017 ordinum
940 975 1001 1018 an-

156 1076 308 1148 terioris
327 1074 500 1138 Austriae
520 1074 687 1138 membris
702 1085 860 1158 rogatuS,
878 1086 916 1139 ut
932 1076 1001 1140 sibi

166 1197 303 1266 auxilio
315 1206 413 1260 esset
425 1207 462 1260 et
473 1198 588 1260 denuo
604 1200 650 1259 ad
667 1201 784 1260 aulam
798 1217 1001 1261 caesaream

173 1338 345 1412 pergeret,
359 1328 506 1410 cognita
516 1328 568 1391 rei
581 1327 791 1391 difficultate
804 1347 923 1412 aegre,
937 1349 1001 1410 pro

183 1470 247 1512 suo
263 1459 370 1513 tamen
386 1449 569 1533 religionis
586 1459 622 1513 et
634 1451 774 1532 patriae
789 1471 909 1514 amore
924 1461 1001 1514 tan·

189 1574 264 1633 dem
275 1572 446 1635 consensit
455 1582 492 1635 et
499 1572 676 1635 Viennam
685 1573 774 1636 abiit
786 1575 899 1635 abbas
907 1573 1001 1635 Mar·

189 1692 280 1756 tinus.
305 1694 453 1757 Multum
481 1695 624 1775 quidem
651 1696 754 1758 aulae
782 1705 818 1758 et
846 1694 1001 1758 civitatis

190 1812 302 1877 faciem
315 1826 349 1879 et
363 1836 435 1879 non
457 1817 492 1879 in
513 1817 638 1880 melius
661 1818 881 1881 immutatam
904 1818 1002 1881 inve·

190 1935 237 2015 nit,
258 1957 321 2002 nec
336 1948 453 2002 tamen
470 1939 661 2003 frustranei
681 1950 783 2003 erant
803 1941 879 2004 eius
902 1941 1001 2003 labo-

190 2073 243 2137 res,
267 2078 342 2123 cum
365 2081 532 2144 proceres
557 2071 594 2125 et
616 2062 801 2143 praesides
824 2062 1001 2125 variorum

187 2188 370 2266 senatuum,
405 2187 452 2247 ab
489 2185 568 2265 ipso
603 2196 640 2247 et
671 2185 837 2266 praeside
869 2186 1001 2248 ordinis

185 2305 345 2376 equestris
360 2304 398 2369 L.
412 2306 452 2369 B.
470 2307 515 2369 de
527 2307 654 2369 Baden
670 2327 792 2370 verum
808 2327 924 2370 rerum
941 2328 1001 2369 an-

183 2417 311 2487 terioris
325 2427 491 2491 Austriae
508 2438 640 2491 statum
657 2428 784 2510 edocti,
801 2430 846 2490 ad
862 2428 1002 2491 mitiora

181 2544 319 2610 consilia
329 2551 1002 2632 commoverentimperatorem;etpost

180 2674 325 2735 quatuor
337 2691 479 2734 menses
495 2672 657 2735 Viennae
674 2682 822 2735 exactos
842 2672 1001 2735 libentis-

178 2776 259 2847 sime
276 2794 322 2854 ad
336 2813 419 2856 suos
435 2794 552 2858 rediit.
570 2794 740 2875 Quintum
756 2794 824 2857 iter
838 2794 924 2857 fecit
940 2815 1001 2856 an·

1081 973 1150 1016 non
1174 975 1308 1017 memor
1330 956 1518 1038 religiosae
1543 959 1766 1040 paupertatis
1790 945 1916 1042 super-⁶

1080 1075 1152 1138 flua
1172 1096 1334 1157 expensa
1349 1078 1508 1141 studiose
1525 1080 1677 1145 evitarit.
1698 1082 1778 1145 Non
1798 1083 1913 1146 minus

1081 1198 1202 1281 liquet,
1230 1201 1399 1263 abbatem
1427 1201 1563 1263 muneri
1589 1204 1754 1284 perpetui
1781 1204 1913 1267 ordinis

1081 1322 1316 1385 ecclesiastici
1340 1323 1527 1386 anterioris
1548 1324 1717 1386 Austriae
1738 1326 1913 1407 praesidis

1081 1446 1223 1507 abunde
1257 1444 1388 1508 fecisse
1420 1446 1524 1520 satis;
1560 1466 1684 1510 verum
1718 1448 1913 1530 gratiarum

1082 1566 1232 1630 actionis
1248 1569 1338 1650 loco,
1355 1570 1402 1629 ab
1419 1568 1462 1630 iis
1478 1568 1577 1651 ipsiS,
1594 1589 1743 1651 quorum
1761 1590 1913 1633 commo-

1082 1688 1136 1751 dis
1149 1689 1342 1772 diligentur
1353 1691 1560 1773 serviverat,
1570 1691 1721 1774 invidiis,
1733 1691 1913 1774 conviciis,

1081 1811 1186 1873 immo
1195 1811 1379 1874 calumniis
1393 1812 1577 1894 impetitus
1591 1823 1627 1876 et
1640 1814 1834 1876 honoratus
1848 1824 1912 1877 est.

1167 1934 1301 1997 Verum
1310 1955 1375 1997 nec
1384 1936 1561 1998 recensita
1574 1936 1710 2019 itinera,
1727 1957 1793 2000 nec
1807 1956 1913 2000 curae

1082 2065 1118 2117 et
1133 2055 1400 2140 sollicitudines
1417 2078 1507 2140 quas
1522 2058 1592 2139 ipsi
1609 2059 1844 2141 congregatio
1860 2079 1914 2121 re·

1081 2177 1287 2260 ligiosorum
1303 2180 1371 2241 sibi
1388 2180 1585 2262 commissa,
1607 2181 1742 2244 subditi
1763 2192 1798 2244 et
1815 2192 1914 2245 ante-

1081 2299 1182 2362 rioris
1194 2296 1363 2363 Austriae
1379 2302 1521 2364 ordines
1540 2302 1773 2366 ecclesiastici
1789 2302 1914 2367 affere·

1080 2424 1177 2504 bant,
1193 2442 1259 2485 nec
1277 2424 1475 2504 quotidiani
1490 2424 1598 2487 officii
1613 2427 1754 2487 labores
1772 2427 1914 2507 aliaque

1080 2546 1226 2627 negotia
1250 2566 1355 2626 quam
1375 2547 1526 2627 plurima
1549 2549 1717 2610 abbatem
1739 2569 1760 2610 a
1780 2548 1914 2611 teneris

1080 2667 1278 2730 litterarum
1287 2678 1465 2730 amantem
1474 2670 1633 2732 detinere
1643 2680 1818 2752 poterant,
1829 2671 1914 2751 quin

1081 2790 1189 2853 etiam
1204 2811 1298 2853 nunc
1314 2791 1473 2854 adsuetis
1494 2792 1622 2855 studiis
1642 2791 1717 2854 sere
1739 2802 1835 2855 totus
1851 2813 1914 2857 va·

177 2916 215 2960 ¹¹0
241 2927 335 2994 1790.
358 2915 559 2998 Imperator
580 2916 784 2996 Leopoldus
804 2916 859 2996 11,
880 2916 1000 2979 verbis
1038 2910 1042 3005 l
1081 2923 1189 2995 caret,
1211 2916 1385 2995 pluraque
1401 2934 1512 2996 opera
1532 2914 1567 2976 in
1587 2915 1702 2977 lucem
1724 2916 1914 2998 emitteret,

172 3028 201 3079 et
234 3047 346 3116 Opere
374 3037 596 3121 significans,
630 3058 668 3100 se
700 3041 811 3101 multa
842 3060 862 3100 a
889 3038 1000 3101 fratre

169 3156 341 3222 germano
357 3161 511 3241 Iosepho
531 3160 575 3223 H.
592 3170 696 3243 gesta
712 3160 855 3222 minime
872 3179 1000 3242 appro-

166 3258 264 3355 bare,
285 3302 305 3343 a
319 3282 472 3346 subditis
492 3283 561 3345 sibi
577 3284 696 3346 delata
713 3282 922 3366 gravamina
939 3284 1001 3345 be-

162 3380 280 3466 nigne
295 3405 472 3485 audiebat,
490 3414 526 3467 et
542 3405 705 3467 omnibus
720 3405 883 3468 levamen
899 3406 1001 3487 polli-

159 3508 326 3590 cebatur.
350 3526 430 3608 Quo
446 3525 590 3608 factum,
607 3538 656 3609 ut,
680 3547 758 3590 cum
774 3526 849 3589 fere
866 3546 912 3589 ex
929 3547 1000 3590 orn-

156 3621 278 3705 nibus
292 3648 485 3729 provinciis
498 3649 659 3731 deputati
675 3649 927 3712 Vindobonam
941 3653 1001 3713 de·

156 3758 348 3851 venirent,
374 3771 561 3834 anterioris
585 3791 727 3853 quoque
750 3772 919 3835 Austriae
947 3792 1002 3835 or·

155 3862 287 3973 dineS,
303 3892 336 3954 in
352 3892 476 3974 primis
493 3893 757 3956 ecclesiasticus
778 3915 879 3957 suum
900 3914 1002 3975 prae·

152 3982 294 4095 sidem,
325 4015 524 4096 principem
550 4015 743 4078 Martinum
773 4017 1004 4079 vehementer

152 4124 342 4199 urgerent
357 4139 404 4199 ad
421 4138 488 4200 iter
504 4157 569 4219 pro
586 4140 701 4200 salute
717 4139 855 4219 patriae
871 4138 1003 4201 facien·

153 4226 266 4335 dum,
283 4260 376 4339 quod
392 4268 429 4321 et
444 4279 582 4321 summa
598 4280 677 4322 curn
687 4259 819 4323 fiducia
826 4261 1003 4323 Viennam

156 4347 269 4438 iecit·
292 4380 336 4444 Et
351 4401 477 4444 revera
494 4384 540 4443 ab
557 4382 770 4464 imperatore
787 4383 1002 4465 impetravit,

161 4488 202 4541 ut
224 4501 348 4565 omnia
367 4502 558 4586 privilegia
574 4504 681 4567 etiam
701 4505 761 4567 illa
782 4508 828 4567 ab
849 4517 1004 4588 augusta

167 4594 217 4668 M·
231 4613 404 4688 Theresia
417 4645 543 4688 recens
556 4646 735 4709 concessa,
749 4648 776 4691 s.
785 4629 907 4691 Blasio
920 4636 1002 4692 conss

1081 3056 1210 3098 annum
1221 3036 1421 3117 perdidisse
1433 3037 1651 3119 existimans
1661 3057 1731 3119 quo
1743 3058 1814 3100 non
1826 3058 1915 3120 opu-

1080 3159 1216 3222 sculum
1232 3159 1385 3240 aliquod,
1402 3160 1461 3221 vel
1477 3158 1595 3240 operis
1611 3158 1753 3221 maioris
1774 3169 1914 3240 partem

1081 3283 1300 3343 elaboratam
1331 3282 1431 3363 prelo
1466 3282 1711 3345 commisisset.
1749 3282 1790 3347 P.
1819 3283 1915 3345 Mar-

1081 3405 1237 3486 quardus
1264 3404 1439 3486 Herrgott
1467 3413 1503 3467 et
1528 3404 1569 3468 P.
1592 3405 1781 3468 Rustenus
1805 3405 1913 3488 Heer,

1080 3526 1824 3590 ultimammonumentorumAustriacorum
1834 3547 1915 3608 par·

1081 3658 1164 3730 tem,
1184 3648 1483 3730 taphographiam
1507 3648 1641 3730 quippe
1669 3648 1914 3730 imperfectam

1081 3771 1312 3852 reliquerant;
1334 3791 1485 3852 cumque
1501 3771 1594 3832 inter
1609 3791 1692 3832 suos
1709 3773 1822 3833 abbas
1838 3779 1913 3832 turn

1082 3893 1258 3955 neminem
1288 3894 1452 3975 haberet,
1483 3893 1540 3955 cui
1570 3894 1660 3955 hanc
1692 3892 1913 3973 provinciam

1082 4026 1160 4078 tuto
1185 4016 1434 4097 committeret,
1464 4016 1541 4097 ipse
1564 4015 1664 4096 operi
1687 4034 1828 4076 manum
1852 4016 1914 4075 ad-

1083 4137 1204 4219 movit,
1222 4150 1258 4201 et
1280 4138 1479 4219 perfectum
1502 4138 1538 4199 in
1561 4137 1675 4218 primo
1699 4158 1763 4199 suo
1788 4137 1913 4199 itinere

1083 4260 1352 4323 Vindobonensi
1382 4259 1597 4341 imperatrici
1621 4259 1758 4321 Mariae
1784 4259 1916 4321 There-

1083 4382 1158 4444 siae
1178 4382 1321 4462 obtulit,
1343 4385 1389 4443 ab
1410 4382 1471 4444 illa
1492 4382 1766 4443 clementissime
1787 4399 1915 4461 accep-

1082 4516 1205 4585 tatum,
1219 4514 1258 4566 ut
1266 4523 1358 4585 quae
1368 4523 1454 4586 erga
1463 4503 1614 4567 maiores
1627 4524 1711 4567 suos
1725 4502 1914 4565 tenerrime

1082 4627 1234 4707 adfecta,
1243 4627 1395 4688 honores
1408 4627 1486 4689 istis
1498 4627 1648 4709 habitos,
1663 4646 1705 4688 ac
1717 4627 1786 4689 sibi
1798 4627 1914 4689 factos

177 4718 336 4811 firmaret.
360 4748 402 4811 In
426 4768 528 4811 suurn
550 4749 666 4812 locum
685 4749 848 4813 Viennae
872 4751 1001 4814 substi-
1039 4702 1042 4853 i
1082 4752 1262 4812 censebat.
1287 4748 1454 4811 Codicem
1478 4750 1560 4811 dein
1584 4749 1816 4830 epistularum
1836 4749 1914 4811 Ru·

188 4854 250 4923 tuit
261 4869 353 4933 vices
366 4875 551 4954 gerentem
564 4872 604 4934 P.
617 4872 822 4936 Mauritium
834 4873 1001 4955 Ribbele,
1039 4882 1042 4905 “

197 4979 245 5056 qui
260 5001 372 5055 cetera
391 4993 600 5056 monasterii
619 4995 765 5076 negotia
785 5004 821 5057 et
841 4995 1002 5058 ordinum
1039 4988 1042 5083 j

1081 4872 1204 4952 delphi
1219 4872 1244 4934 I.
1262 4872 1514 4954 Habsburgici,
1531 4874 1577 4934 ab
1594 4872 1672 4935 aliis
1689 4873 1758 4935 iam
1775 4874 1912 4954 pridem

1082 4994 1232 5075 editum,
1269 4996 1333 5057 sed
1368 4995 1488 5058 multis
1517 4994 1787 5058 adcessionibus
1818 5018 1913 5063 nunc

200 5112 357 5178 anterioris
367 5115 538 5178 Austriae
550 5108 760 5199 praesertim
770 5117 1002 5203 ecclesiastici
1039 5100 1042 5189 ἰ
1083 5125 1234 5197 auctum,
1248 5125 1284 5178 et
1292 5117 1416 5179 ordine
1425 5118 1675 5201 chronologico
1689 5118 1912 5203 dispositum,

200 5244 319 5318 curaret,
337 5256 430 5319 quae
448 5246 485 5300 et
500 5238 611 5299 multa
627 5237 800 5301 industria
821 5248 856 5302 et
877 5240 1002 5302 dexte·
1039 5198 1042 5295 i
1082 5239 1245 5320 notisque
1274 5239 1405 5302 criticis
1434 5249 1659 5322 exornatum,
1690 5241 1844 5322 Iosepho
1868 5243 1913 5308 ΙΙ.

194 5349 279 5418 ritate
303 5358 464 5441 perfecit.
497 5357 662 5422 Ceterum
690 5359 796 5423 facile
828 5372 883 5424 est
913 5360 1002 5424 iudi·
1039 5298 1042 5447 i
1082 5361 1286 5441 imperatori
1307 5362 1487 5444 inscripsit
1509 5363 1613 5443 eique
1630 5363 1664 5425 in
1681 5363 1838 5424 secundo
1859 5364 1915 5426 iti·

189 5478 266 5560 care',
287 5490 339 5545 tot
361 5481 494 5545 itinera
516 5499 666 5562 magnos
686 5491 848 5564 sumptus
872 5482 1001 5563 impor·
1039 5450 1042 5564 i
1082 5501 1166 5544 nere
1183 5481 1452 5547 Vindobonensi
1469 5487 1514 5547 ad
1531 5504 1671 5547 manum
1687 5485 1825 5565 obtulit,
1843 5506 1916 5554 non
2003 5504 2009 5516 ·
