4034 6262
239 128 291 170 21.
308 106 397 170 Nov.
424 108 502 186 1762
525 105 742 170 sollemniter
763 106 879 171 iurata
901 107 1070 173 scientias

239 228 462 313 theologIcas
474 249 496 292 a
508 228 770 311 professoribus
783 231 988 295 domesticis
999 240 1070 295 tra·

239 352 333 416 ditas
349 352 560 416 adolescens
580 351 707 415 avidus
727 362 919 437 postquam
941 353 1070 435 hausit,

237 476 388 559 primam
416 475 570 538 hostiam
592 474 671 538 Deo
695 475 824 540 obtulit
850 475 908 539 die
936 480 965 540 5.
990 474 1070 541 Oct.

243 604 334 679 1767.
373 596 510 662 Studiis
536 596 734 661 litterarum
761 617 902 680 semper
927 598 1069 663 deditus

237 720 477 784 bibliothecae
505 729 541 781 et
568 739 689 782 museo
713 740 829 783 rerum
855 719 1069 784 naturalium

175 902 181 915 ‚
238 844 439 924 complures
449 861 560 905 annos
570 854 689 905 custos
698 842 862 924 praefuit.
879 842 972 905 Hinc
985 862 1069 905 avo-

238 975 341 1028 catus
370 962 487 1027 officio
513 964 690 1045 prioratus
717 983 782 1044 per
808 984 914 1026 unum
940 984 1069 1026 annum

238 1086 486 1150 administrato
504 1105 665 1148 camerae
687 1086 903 1148 domesticae
924 1106 1069 1149 munere

237 1231 304 1294 per
320 1216 362 1273 30
378 1209 517 1271 circiter
532 1227 643 1270 annos
656 1228 794 1270 omnem
811 1207 985 1289 impendit
1000 1209 1069 1271 sol-

239 1332 468 1396 licitudinem.
492 1330 655 1412 Denique
676 1329 812 1392 viribus
837 1331 994 1412 corporis
1016 1350 1070 1393 se·

239 1464 382 1519 nectute
411 1453 533 1516 fractis
561 1454 618 1516 die
651 1474 698 1517 11.
723 1453 786 1516 Iul.
816 1456 896 1532 1814
926 1462 1070 1535 septua-

239 1579 407 1663 genarius
424 1577 521 1640 obiit.
546 1575 713 1656 Scripsit:

326 1706 461 1761 Historia
485 1705 659 1760 monasterii
684 1722 712 1758 0.
737 1722 762 1758 s.
787 1703 820 1759 P.
847 1704 878 1758 B.
902 1701 1069 1758 Seitensta-

238 1810 359 1874 diensis‚
383 1822 463 1866 cont.
481 1811 509 1863 in
526 1822 596 1863 tom.
614 1808 695 1865 VIII.
721 1806 861 1878 ,Austris
878 1810 983 1862 sacra“
1003 1825 1021 1861 a
1037 1807 1068 1861 P.

239 1916 375 1971 Mariano
392 1913 511 1970 Fiedler
528 1914 692 1988 conscript.
710 1912 749 1967 W
753 1914 809 1977 ien,
831 1909 921 1984 1783.

325 2058 593 2153 Pampichler
623 2069 859 2132 Norbertus
892 2065 1070 2148 (Seiten-

239 2187 495 2269 stadiensis),
517 2185 773 2250 Stockeraviae
797 2185 832 2248 in
849 2184 996 2248 Austria
1020 2185 1070 2247 in-

239 2311 367 2373 feriore
385 2309 442 2372 die
459 2315 510 2372 30.
524 2306 624 2389 Sept.
642 2312 722 2387 1716
736 2315 850 2388 natus,
867 2306 995 2370 litteris
1008 2307 1070 2368 hu-

240 2431 457 2497 manioribus
474 2441 510 2493 et
526 2429 781 2512 philosophicis
793 2428 955 2491 Viennae
972 2428 1070 2491 insti-

239 2566 347 2636 tutus,
369 2575 395 2616 s.
413 2554 570 2615 ordinem
587 2554 621 2615 11
640 2550 931 2616 Seitenstettensi
951 2571 1070 2614 mona-

238 2677 347 2740 sterio
357 2686 413 2739 est
422 2673 918 2756 die28.Oct.1730professus.
928 2671 964 2736 S.
973 2674 1070 2736 theo·

125 2791 131 2805 ’
238 2800 356 2882 logiae
370 2808 407 2861 et
418 2797 714 2880 iurisprudentiae
728 2796 856 2859 studiis
871 2796 1070 2879 Salisburgi

239 2923 274 2985 in
298 2923 390 2984 alma
414 2921 726 2984 Benedictinorum
750 2919 983 2982 universitate
1007 2920 1069 2980 ab·

238 3044 363 3109 solutis
380 3043 437 3106 die
459 3049 505 3106 13.
522 3043 612 3107 Nov.
633 3063 709 3122 174¹
735 3042 885 3123 primam
901 3041 979 3104 Deo
997 3060 1069 3103 om·

239 3167 416 3250 nipotenti
433 3166 561 3229 obtulit
576 3165 729 3228 hostiam
746 3164 977 3227 incruentam.
997 3162 1069 3224 Va-

238 3289 299 3353 riis
320 3288 524 3352 monasterii
548 3285 674 3349 officiis
700 3306 836 3348 summa
861 3306 939 3349 curn
963 3285 1069 3347 laude

238 3412 352 3495 gestis
368 3412 460 3473 Inter
475 3409 608 3492 primos
625 3407 702 3489 fuit,
719 3409 778 3490 qui
795 3406 998 3489 theologiae
1015 3426 1070 3468 sa·

238 3555 320 3599 crae
337 3534 491 3596 studium
508 3531 543 3593 in
557 3530 771 3593 monasterIo
784 3528 1069 3593 Seitenstettensi

219 3673 224 3684 '
238 3656 471 3719 tradiderunt.
490 3654 643 3735 Propter
658 3651 831 3735 insignem
844 3652 1011 3715 virtutem
1024 3653 1070 3714 ad

239 3797 365 3840 munus
396 3775 573 3857 prioratus
600 3784 750 3853 uocatus
777 3773 831 3835 vir
858 3793 927 3836 non
955 3775 1069 3837 minus

241 3900 367 3962 doctus
384 3917 489 3980 quam
506 3897 682 3979 benignus
696 3896 956 3977 exspectationi
974 3896 1017 3958 de
1031 3915 1069 3958 se

240 4032 436 4101 conceptae
453 4039 595 4100 semper
610 4017 741 4100 ubique
755 4016 939 4080 satisfecit.
965 4016 1069 4098 Quod

239 4162 365 4205 munus
391 4153 580 4223 postquam
604 4160 730 4203 novem
755 4158 868 4202 annos
899 4140 1069 4222 explevit,

240 4266 415 4347 parochus
431 4265 467 4326 in
477 4264 716 4343 Alhartsberg
727 4263 773 4323 ad
786 4261 906 4324 Ibsam
923 4260 1068 4324 fluvium

241 4385 468 4449 constituitur
483 4386 547 4447 sed
560 4384 629 4447 iam
642 4385 780 4446 duobus
793 4384 975 4447 mensibus
987 4395 1070 4466 post

241 4507 430 4588 pleuritide
447 4516 632 4588 correptus
648 4507 706 4588 pie
723 4506 759 4568 in
772 4506 924 4569 Domino
941 4508 1069 4570 obdor-

243 4629 343 4692 mirit
360 4635 411 4693 25.
427 4629 514 4693 Dec.
536 4633 626 4708 1768.
651 4627 816 4709 Scripsit:

328 4773 351 4828 Ι.
373 4774 556 4829 Dissertatio
573 4772 935 4846 theologico-dogmatica
960 4772 997 4828 de
1021 4791 1069 4828 sa-

243 4877 302 4932 cris
327 4875 621 4950 peregrinatIonibus
646 4875 797 4952 rebusque
822 4879 982 4944 connexis,
1011 4895 1069 4951 qua

1151 114 1265 173 illarum
1286 114 1431 173 honestas
1448 128 1478 173 et
1493 115 1606 174 utilitas
1628 115 1811 185 ostenditur,
1830 118 1975 195 inspersis

1151 237 1207 296 pro
1228 222 1455 297 opportunitate
1475 222 1526 290 iis,
1551 238 1630 297 quae
1655 223 1805 296 attingunt
1826 221 1976 282 celebrem

1150 326 1427 400 peregrinationem
1449 325 1489 383 ad
1510 338 1642 384 montem
1666 328 1805 384 sanctiss.
1819 325 1980 386 Trinitatis

1151 428 1356 505 Sontagberg.
1379 427 1506 506 Styrae,
1531 432 1613 508 typis
1635 429 1781 507 Gregorii
1803 427 1983 489 liennlard.

1155 548 1245 609 1759·
1262 541 1305 608 4⁰·

1237 639 1274 696 ΙΙ.
1288 638 1454 713 Catalogus
1463 639 1751 698 historico-criticus
1763 638 1887 698 abbatum
1897 656 1990 698 rno-

1150 745 1273 800 nasterii
1286 742 1548 801 Seitenstettensis
1561 746 1738 821 praemissis
1750 747 1795 813 iis,
1807 763 1875 820 quae
1884 748 1993 802 eius·

1149 847 1217 904 dem
1233 850 1315 904 initia
1332 862 1362 905 et
1378 847 1553 905 fundatores
1568 850 1708 906 attinent.
1725 850 1865 906 Manuscr.
1875 846 1996 905 insol.

1150 954 1179 1008 in
1195 953 1310 1009 archiv.
1327 952 1510 1009 Seitenstad.
1527 953 1649 1010 adserv.

1238 1057 1289 1113 III.
1306 1056 1496 1132 Genealogia
1511 1057 1663 1115 Udiscalci
1681 1059 1798 1114 comitis
1812 1056 1847 1114 de
1860 1056 1928 1114 Still
1962 1070 2003 1113 et

1150 1161 1232 1218 Hefit
1255 1181 1310 1218 nec
1336 1180 1395 1218 non
1422 1175 1592 1219 ceterorum
1618 1164 1792 1220 monasterii
1812 1161 2003 1220 Seitensta-

1149 1266 1261 1323 diensis
1283 1265 1484 1324 fundatorum.
1508 1268 1660 1325 Manuscr.
1687 1270 1717 1324 111
1740 1267 1790 1325 101.
1813 1270 1841 1324 11
1859 1267 2004 1325 archiv.

1150 1368 1334 1428 Seitenstad.
1350 1371 1470 1428 adserv.

1236 1517 1482 1593 Paradeiser
1510 1530 1727 1594 Marianus
1757 1531 2004 1612 (Mellicen-

1150 1646 1230 1728 sis),
1247 1666 1340 1709 anno
1362 1669 1439 1727 1747
1455 1649 1511 1711 die
1530 1669 1576 1712 11.
1591 1647 1671 1714 Oct.
1687 1649 1934 1713 Riedenthalii
1960 1652 2001 1718 in

1150 1770 1298 1833 Austria
1311 1779 1427 1852 natus,
1440 1772 1534 1835 votis
1546 1772 1779 1836 sollemnibus
1791 1791 1876 1835 anno
1890 1793 1900 1833 1
1916 1782 1997 1859 767

1151 1895 1186 1956 11
1202 1895 1417 1958 monasterio
1434 1894 1633 1958 Mellicensi
1653 1896 1712 1958 die
1730 1915 1780 1959 21.
1797 1895 1878 1958 Nov.
1892 1895 1992 1968 Deo

1151 2016 1382 2098 nuncupatis,
1410 2017 1532 2100 primis
1560 2017 1672 2080 sacris
1697 2037 1789 2081 anno
1818 2037 1885 2096 1771
1918 2024 1986 2088 die

1153 2161 1202 2219 29.
1217 2138 1316 2221 Sept.
1333 2149 1512 2222 operatuS,
1529 2140 1752 2204 iuventutern
1767 2141 1852 2204 duos
1862 2160 1979 2208 annos

1151 2263 1403 2346 grammaticis
1420 2262 1583 2344 poeticis,
1604 2262 1855 2346 rhetoricisque
1868 2263 1974 2327 disci·

1151 2385 1256 2468 plinis
1272 2384 1398 2448 imbuit
1413 2393 1450 2447 et
1466 2388 1545 2463 1775
1560 2383 1619 2446 die
1637 2388 1685 2449 16.
1698 2384 1787 2448 Nov.
1803 2384 1865 2468 legi
1878 2403 1968 2446 nor·

1152 2508 1197 2571 tis
1217 2506 1415 2589 succubuit,
1438 2507 1612 2588 omnibus,
1639 2507 1769 2588 quibus
1792 2508 1834 2570 ob
1853 2503 1965 2568 candi-

1150 2630 1343 2710 dissimum,
1364 2627 1760 2711 mansuetissimumque
1776 2628 1897 2692 animun
1927 2634 1964 2682 et

1150 2751 1325 2834 insignem
1335 2752 1487 2814 musices
1495 2751 1662 2834 peritiam
1674 2751 1709 2813 in
1719 2741 1965 2817 amoribusfuit,

1150 2873 1204 2936 sui
1221 2874 1398 2936 desiderio
1414 2874 1551 2937 relicto.
1575 2872 1744 2956 Scripsit:

1237 3002 1259 3057 I.
1283 3001 1401 3075 Ecloga
1417 2998 1559 3058 Seladon.
1585 3000 1619 3056 In
1640 3003 1824 3077 optatissimo
1840 2996 1967 3054 adventu

1149 3106 1373 3161 eminentissImi
1398 3118 1428 3161 et
1449 3105 1608 3162 celsissImi
1629 3107 1772 3182 principis
1787 3106 1803 3160 i.
1818 3123 1839 3160 1.
1851 3120 1871 3158 e.
1885 3104 1969 3154 cas·

1148 3209 1255 3266 dinalis
1268 3209 1477 3285 christophori
1496 3208 1533 3266 de
1546 3211 1684 3285 Migazzi‚
1698 3209 1784 3266 Waal
1795 3222 1822 3265 et
1832 3204 1970 3263 Senes·

1150 3315 1237 3370 thurn
1260 3313 1482 3389 archiepiscopi
1505 3312 1697 3370 Viennensis.
1728 3312 1800 3371 Vide
1823 3305 1974 3368 Schtts¹⁵er

1150 3417 1241 3483 Beda,
1255 3420 1305 3493 qui
1318 3418 1405 3474 huius
1414 3418 1551 3492 eclogae,
1564 3417 1603 3474 ad
1619 3437 1710 3493 quarn
1725 3430 1822 3475 noster
1836 3413 1938 3472 music
1945 3407 1976 3447 ‘³

1150 3524 1281 3598 scripsit,
1299 3534 1478 3579 auctorest.
1495 3522 1520 3578 F
1521 3522 1561 3579 ol.
1578 3523 1654 3579 Msc.

1236 3625 1274 3681 11.
1286 3624 1494 3701 Singgedicht,
1506 3625 1552 3682 als
1565 3598 1981 3684 811110131111101111111οε31Γ

1150 3730 1283 3798 wiirden,
1308 3729 1363 3787 der
1383 3731 1462 3787 Herr
1483 3730 1586 3788 Urban
1607 3731 1655 3796 11.
1680 3730 1744 3789 Abt
1762 3750 1796 3787 zu
1814 3725 1885 3792 11111,
1920 3700 1982 3767 ²¹³

1150 3837 1234 3892 einer
1255 3835 1406 3892 Idblichen
1423 3854 1450 3891 n.
1468 3841 1497 3891 ὁ.
1514 3834 1703 3892 Landschaft
1718 3820 1983 3892 wirklicherl'ss‘·

1150 3938 1293 3995 ordneter
1316 3957 1376 3995 von
1399 3938 1466 3995 dem
1488 3936 1640 3995 ldblichen
1656 3924 1984 3997 Pralatensandeeff

1149 4043 1241 4118 hellig
1256 4043 1382 4100 erwahlt
1398 4043 1531 4100 worden.
1556 4039 1587 4122 (i.
1604 4062 1632 4100 e.
1655 4043 1782 4103 Carmen
1801 4040 1834 4098 ad
1846 4016 1983 4096 elect:ist

1150 4166 1216 4204 nem
1228 4145 1341 4206 Urbani
1357 4149 1387 4204 In
1399 4147 1573 4224 deputatum
1587 4144 1785 4227 proviaciae.)
1799 4130 1981 4203 11111105ἐἴ

1148 4251 1230 4308 Melk
1252 4251 1306 4308 auf
1323 4252 1525 4328 Verordnung
1549 4255 1653 4310 seiner
1677 4252 1846 4328 geistIIchen
1862 4236 1977 4303 Sim

1149 4374 1209 4412 von
1234 4356 1287 4413 der
1310 4356 1450 4431 dortigen
1474 4355 1682 4433 Schuljugend
1705 4356 1879 4434 abgesungen
1894 4332 1971 4397 δῶ

1155 4475 1201 4534 17.
1218 4462 1368 4536 Hornung
1385 4459 1475 4534 1765.
1501 4462 1558 4518 Die
1571 4462 1674 4520 Musik
1687 4465 1726 4521 ist
1736 4482 1795 4520 von
1804 4456 1862 4520 Carl
1870 4450 1963 4511 Pffl'

1150 4564 1260 4633 deiser,
1284 4564 1339 4621 der
1362 4563 1392 4622 6.
1409 4564 1520 4623 Schule
1542 4566 1745 4626 bessiessenen
1765 4567 1882 4625 Alunnus
1904 4540 1955 4601 ‘¹³'

1150 4668 1254 4726 selbst
1271 4669 1337 4726 Fol.
1354 4671 1429 4727 Msc.

1236 4774 1289 4831 III.
1307 4776 1422 4832 Kurzer
1434 4775 1556 4832 Bericht
1568 4795 1631 4834 von
1643 4777 1713 4836 dem
1727 4766 1937 4836 wunderthttis‘l

1151 4877 1282 4952 heiligen
1306 4881 1440 4948 Kreuze,
1466 4880 1600 4939 welches
1625 4884 1655 4941 in
1679 4884 1735 4943 der
1756 4858 1931 4942 benedIcnoi·
