4088 6270
832 538 875 548 —
919 501 1084 564 LXXIII
1129 539 1170 550 —

155 729 392 812 redintegratus
416 739 471 792 est
485 729 519 810 ι).
566 727 671 792 Clara
703 729 810 792 etiam
837 728 1007 792 memoria
1038 737 1093 791 est
1126 730 1376 791 monachorum
1403 729 1740 812 Lunaelacensium,
1772 729 1866 793 Inni-

161 868 302 951 censium,
332 866 667 951 Cremifanensium,
699 867 930 931 Mettensium
961 878 998 932 et
1028 866 1417 951 Lacustigurinensium
1447 867 1484 931 in
1514 866 1687 951 Bavaria,
1719 887 1867 950 quorum

165 1007 283 1071 omnium
298 1007 333 1070 in
348 1005 420 1070 fide
433 1005 634 1071 Christiana
646 1009 743 1090 apud
754 1019 884 1091 gentes
896 1008 1051 1090 Alpinas
1062 1008 1298 1090 propaganda
1311 1016 1347 1070 et
1360 1005 1601 1070 confirmanda
1613 1009 1757 1070 saeculo
1768 1008 1866 1072 VIII.

168 1157 195 1210 et
208 1146 259 1210 IX.
280 1165 454 1209 summum
478 1157 556 1210 erat
578 1146 735 1210 studium
750 1148 785 1229 ²).

261 1285 299 1347 In
320 1285 495 1348 Bohemia
517 1296 554 1349 et
577 1285 764 1369 Hungaria
780 1284 1005 1349 Benedictini
1030 1286 1173 1348 saeculo
1197 1284 1246 1349 X.
1271 1296 1308 1349 et
1330 1285 1397 1349 XI.
1421 1287 1563 1348 laudem
1586 1296 1866 1367 promeruerunt.

169 1423 395 1486 Euonasterio
419 1424 687 1507 Bfevnoviensi,
710 1444 732 1486 a
755 1444 825 1506 quo
849 1433 903 1487 tot
926 1424 961 1487 in
985 1424 1157 1487 Bohemia
1180 1423 1341 1506 profecta
1365 1434 1447 1488 sunt
1470 1425 1693 1508 monasteria,
1718 1424 1865 1507 eiusque

169 1561 394 1644 praeposituris,
419 1582 568 1644 quarum
590 1562 810 1625 nobilissima
826 1572 882 1625 est
896 1561 1145 1645 Raigradium,
1169 1572 1206 1625 et
1223 1561 1448 1627 Ostroviensi
1464 1564 1511 1626 ad
1528 1561 1712 1627 Sazawam
1734 1563 1865 1628 flumen

170 1698 218 1760 sito
234 1700 319 1763 multi
342 1700 551 1782 prodierunt
573 1700 752 1784 monachi,
777 1701 839 1784 qui
862 1712 899 1765 et
921 1704 1033 1765 verbo
1058 1712 1094 1765 et
1118 1705 1283 1784 exemplo
1306 1703 1442 1766 animas
1465 1703 1534 1766 sibi
1557 1702 1797 1766 subiectorum
1820 1705 1867 1766 ad

171 1857 244 1900 unam
261 1840 407 1902 salutem
431 1841 650 1903 adducerent
666 1840 909 1922 plurimasque
932 1842 1042 1904 aedes
1066 1860 1187 1904 sacras
1203 1840 1433 1905 aedificarent
1446 1842 1482 1923 ³).
1520 1841 1562 1905 In
1577 1841 1764 1925 Hungaria
1779 1860 1866 1924 prae

171 1977 261 2041 ceteris
281 1978 443 2042 monachi
466 1978 600 2041 Montis
623 1979 830 2044 Pannoniae
854 1979 1027 2063 singulari
1050 1978 1169 2043 studio
1193 1979 1409 2062 enituerant,
1440 1991 1481 2043 ut
1510 1990 1608 2044 recte
1640 1980 1710 2044 dici
1740 1981 1866 2063 possit,

170 2134 254 2180 eorum
284 2137 394 2201 opera
427 2120 535 2201 longe
569 2118 740 2200 plurimos
772 2119 909 2181 incolas
944 2119 1020 2183 eius
1054 2129 1170 2183 terrae
1205 2120 1251 2182 ad
1286 2118 1521 2182 Christianam
1556 2120 1752 2183 doctrinam
1786 2140 1866 2203 per-

169 2254 257 2319 ductos
278 2275 357 2319 esse
371 2258 406 2338 ⁴).

259 2395 460 2460 Posteriore
481 2406 642 2480 tempore
665 2397 900 2481 Benedictini,
918 2419 1131 2481 quamquam
1147 2420 1216 2464 non
1232 2401 1374 2465 omnino
1391 2400 1599 2463 dimiserunt
1619 2419 1710 2482 opus
1729 2399 1866 2463 missio·

169 2533 282 2618 narium,
319 2546 441 2599 tamen
478 2538 585 2600 rebus
619 2537 873 2601 ecclesiasticis
911 2540 1055 2602 saeculo
1089 2540 1173 2603 XII.
1213 2539 1248 2603 in
1286 2540 1390 2604 terris
1424 2539 1625 2603 Austriacis
1659 2538 1866 2620 compositis

167 2675 374 2758 parochiisque
398 2675 504 2739 certis
531 2674 661 2740 finibus
685 2677 960 2761 circumscriptis
982 2679 1246 2743 intermiserunt
1269 2690 1377 2761 atque
1399 2679 1537 2760 reliqua
1561 2698 1645 2741 cura
1668 2677 1863 2741 animarum

168 2809 231 2876 clero
242 2815 411 2878 saeculari
426 2816 552 2879 relicta
567 2817 613 2879 ad
628 2817 907 2899 praedicandum
923 2818 1168 2882 incubuerunt.
1199 2818 1309 2882 Velut
1332 2819 1494 2882 monachi
1511 2840 1538 2884 s.
1555 2819 1654 2883 Petri
1670 2838 1763 2882 anno
1784 2822 1863 2898 1139

167 2953 396 3038 archiepiscopo
427 2953 592 3019 Conrado
621 2956 666 3040 I.,
701 2956 777 3020 viro
808 2959 853 3020 de
882 2959 990 3021 rebus
1020 2958 1272 3022 ecciesiasticis
1303 2958 1437 3040 optime
1465 2958 1609 3041 merito,
1642 2958 1865 3023 tradiderunt

165 3093 330 3167 parochiam
355 3092 681 3178 salisburgensem,
709 3107 749 3159 ut
775 3097 872 3160 nulla
897 3117 937 3160 re
964 3097 1126 3180 impediti
1149 3097 1399 3162 satisfacerent
1420 3098 1589 3182 Regulae
1612 3097 1816 3180 praeceptis
1829 3099 1865 3178 ⁵).

166 3223 237 3306 Quod
265 3252 343 3296 cum
375 3234 538 3297 fecerunt
568 3234 812 3319 Benedictini,
843 3236 948 3299 iussis
979 3237 1103 3319 Papae
1126 3235 1258 3300 Calixti
1280 3237 1324 3300 II.
1357 3238 1467 3319 (1122)
1498 3247 1711 3320 paruerunt,
1741 3245 1866 3300 vetera

166 3363 273 3434 decreta
295 3372 468 3437 canonica
492 3374 526 3437 in
550 3375 754 3439 memoriam
776 3375 992 3459 revocantis,
1016 3396 1061 3439 ne
1084 3376 1164 3458 quis
1186 3377 1381 3439 monachus
1404 3376 1648 3441 confessiones
1671 3375 1864 3460 exciperet,

166 3522 227 3572 neve
246 3525 412 3596 aegrotos
434 3512 614 3597 visitaret,
645 3534 736 3578 neve
764 3535 866 3578 sacra
888 3515 1107 3597 parochialia
1130 3514 1254 3579 obiret.
1293 3515 1417 3579 Aedes
1447 3535 1571 3579 sacrae
1601 3515 1709 3578 etiam
1739 3526 1813 3579 tum
1844 3536 1865 3578 a

166 3653 310 3716 monachis
333 3653 624 3738 aedificabantur,
647 3674 692 3717 ne
714 3655 768 3738 iis,
792 3654 853 3736 qui
868 3675 976 3737 agros
993 3674 1113 3718 eorum
1129 3655 1236 3739 longe
1256 3655 1399 3737 lateque
1416 3656 1590 3738 colebant,
1614 3655 1733 3718 aditus
1748 3672 1865 3717 sacro·

166 3802 217 3849 rum
234 3793 449 3856 sollemnium
473 3795 626 3876 deesset,
650 3815 735 3858 cura
758 3803 877 3857 tamen
899 3795 1093 3858 animarum
1117 3794 1153 3858 in
1175 3794 1338 3858 omnibus
1361 3794 1540 3878 parochiis
1556 3813 1634 3856 cum
1651 3793 1686 3856 in
1708 3792 1865 3875 praediis

166 3939 254 3993 e0rum
275 3934 320 3994 ab
343 3931 433 4014 ipsis
456 3933 659 3997 constitutis
681 3944 757 3997 tum
780 3954 801 3996 a
823 3933 1072 3998 fundatoribus
1096 3933 1255 4015 acceptis
1272 3934 1368 3997 clero
1392 3933 1565 3996 saeculari
1588 3929 1864 4013 relinquebatur.

262 4068 332 4134 Sed
354 4082 516 4154 tempore
541 4075 585 4136 de
609 4082 708 4137 tanta
728 4074 921 4138 severitate
941 4073 1161 4155 aliquantum
1182 4074 1368 4137 remissurn
1391 4083 1455 4135 est.
1496 4070 1624 4136 Omnia
1646 4071 1721 4134 fere
1744 4090 1863 4133 mona·

165 4205 258 4290 steria,
287 4231 379 4292 quae
409 4214 553 4276 saeculo
576 4213 643 4277 XI.
670 4224 706 4277 et
728 4214 815 4278 XII.
838 4214 874 4277 in
898 4214 1046 4278 Austria
1069 4215 1213 4278 condita
1236 4225 1336 4298 sunt,
1360 4235 1381 4277 a
1404 4210 1652 4277 fundatoribus
1675 4210 1733 4272 vel
1756 4212 1863 4273 bene·

165 4335 324 4413 factoribus
337 4349 361 4432 ⁶)
391 4352 438 4413 ad
468 4350 604 4416 reditus
627 4354 812 4435 augendos
834 4353 1023 4434 parochias
1045 4363 1278 4436 acceperunt,
1310 4364 1349 4417 ut
1372 4352 1591 4434 Mellicense,
1620 4348 1863 4428 Gottvicense‚

166 4473 439 4574 Seitenstettense,
448 4491 1014 4575 Altenburgense,Admontense‚
1026 4512 1052 4556 s.
1062 4492 1253 4575 Lamberti,
1267 4513 1293 4555 s.
1303 4492 1416 4576 Pauli,
1430 4490 1604 4556 Scotense
1616 4488 1863 4567 Vindobonae,

169 4649 439 4674 x—

263 4786 282 4868 ¹)
303 4789 473 4847 Conversio
497 4791 715 4866 bagoariorum
739 4805 770 4847 et
793 4791 1043 4848 carantanorum.

262 4900 281 4981 ’)
303 4904 417 4962 Confer
439 4922 575 4982 prooem.
600 4905 623 4962 I.

262 5011 282 5094 ³)
302 5017 395 5075 Frind
419 5017 438 5075 l.
462 5036 488 5075 c.
513 5018 536 5075 1.

262 5125 282 5208 ⁴)
303 5130 412 5188 Czinar
434 5132 459 5188 1.

263 5238 283 5321 ³)
303 5240 407 5302 Series
431 5242 534 5301 abbat.
558 5256 687 5302 monast.
711 5244 749 5300 ad
771 5263 796 5302 s.
813 5245 934 5301 Petrum
957 5241 1136 5320 salisburgi.

263 5349 283 5433 6)
303 5357 417 5414 Eorum
441 5358 471 5413 in
493 5376 617 5415 numero
634 5359 765 5415 eminent
779 5359 933 5434 principes
948 5370 979 5414 et
995 5358 1142 5433 episcopi,
1159 5369 1191 5413 ut
1207 5356 1430 5432 archiepiscopi
1446 5353 1705 5429 salisburgenses,
1723 5356 1860 5431 episcopi

167 5450 352 5528 Pmanmses.

1617 5567 1635 5616 lr
