4088 6270
885 534 932 543 -
988 496 1074 581 316,
1118 534 1166 543 -

245 695 397 778 Scripsit
421 699 465 759 de
488 705 564 759 arte
586 694 804 759 Graecorum
827 697 987 777 poetica:

244 825 358 882 Umriss
367 824 420 879 der
431 823 538 898 Elegie
548 821 607 878 und
617 822 803 896 jambischen
813 823 921 880 Poesie
934 823 988 880 der

157 929 320 987 Griechen.
337 927 474 985 Habetur
491 930 519 984 in
531 927 638 983 litteris
650 929 797 1002 gymnasii
807 927 988 984 Braunensis

158 1053 238 1090 anno
259 1032 338 1106 1877
357 1032 564 1108 promulgatis.

243 1179 495 1253 Nestlehner
515 1189 718 1252 Alfonsus
744 1189 988 1272 (Seitensta-

158 1309 340 1388 diensis),
363 1308 574 1370 Austriacus
598 1307 859 1389 Ansfeldensis,
883 1317 988 1370 natus

158 1431 216 1494 die
234 1451 261 1510 7.
276 1428 355 1494 Oct.
373 1435 464 1509 1849,
480 1431 653 1492 absolutis
665 1430 700 1491 in
713 1429 902 1512 gymnasio
912 1428 988 1493 Sei-

159 1552 394 1617 tenstadiensi
414 1551 542 1614 studiis
563 1552 620 1613 die
646 1573 692 1615 11.
710 1550 810 1634 Sept.
831 1556 913 1631 1870
933 1572 988 1614 sa·

159 1695 257 1739 crum
269 1675 383 1737 induit
395 1694 421 1736 s.
434 1674 474 1735 P.
488 1673 675 1736 Benedicti
688 1673 858 1737 habitum.
876 1673 988 1735 Emis·

159 1799 208 1860 sis
225 1797 282 1860 die
304 1818 350 1874 19.
364 1797 465 1877 Sept.
483 1801 562 1875 1874
579 1796 671 1858 votis
689 1796 914 1858 sollemnibus
927 1799 988 1858 ab·

159 1919 357 2000 solutisque
385 1919 420 1981 in
448 1918 635 1980 seminario
666 1918 872 1980 dioeceseos
901 1917 988 1981 San·

159 2041 427 2124 Hippolytanae
444 2040 639 2122 episcopali
656 2060 683 2104 s.
696 2016 899 2122 theologiae
916 2049 988 2104 stu-

159 2164 227 2226 diis
244 2164 301 2226 die
322 2168 369 2227 18.
386 2163 449 2226 Iul.
471 2167 549 2241 1875
568 2163 700 2225 ordinis
716 2164 856 2244 accepit
872 2184 988 2226 sacra·

159 2298 326 2349 mentum.
350 2285 537 2347 Professor
552 2287 724 2367 supplens
741 2285 988 2348 denominatus

159 2409 194 2471 in
210 2428 239 2470 c.
252 2429 278 2470 r.
296 2407 485 2490 gymnasio
499 2406 795 2471 Seitenstadiensi
808 2409 912 2469 docet
925 2406 989 2468 lin·

159 2551 265 2614 guam
283 2531 454 2593 Latinam.

246 2653 415 2736 Scripsit:

245 2781 267 2837 1.
278 2778 513 2853 Liebesklagcn.
523 2778 552 2857 (i.
560 2799 585 2836 e.
597 2780 811 2849 Quarimoniae
821 2780 875 2835 Dei
885 2797 987 2834 aman·

159 2883 219 2962 tis.)
243 2885 276 2939 In
304 2883 457 2955 ,Vocibus
478 2904 501 2940 S.
524 2883 676 2940 Benedicti
697 2882 987 2951 Lambacensibus“‚

159 3003 240 3047 cont.

247 3096 282 3151 ll.
300 3095 343 3150 Es
360 3095 397 3149 ist
414 3094 529 3158 Putem,
547 3093 602 3149 den
619 3112 721 3149 armen
738 3092 847 3149 Seelen
860 3113 895 3148 zu
909 3090 989 3148 Hille

160 3220 195 3255 zu
213 3199 362 3255 kommen.
385 3196 414 3275 (i.
433 3218 459 3254 e.
476 3199 618 3254 Nostrum
635 3217 703 3254 esse
720 3200 825 3254 animis
841 3196 989 3253 defunctis

159 3303 321 3360 subvenire
338 3301 527 3381 ostenditur.)
543 3301 617 3359 Ibid.

247 3427 297 3482 III.
316 3426 378 3481 Der
396 3427 463 3482 heil.
481 3426 625 3485 Alfonsus
639 3427 677 3481 M.
691 3444 751 3481 von
764 3426 901 3499 Liguria.
918 3423 948 3502 (i.
963 3444 988 3480 e.

159 3530 192 3587 S.
209 3530 353 3587 Alfonsus
368 3533 407 3587 nl.
425 3532 462 3587 de
479 3528 627 3609 LigoriO.)
644 3530 717 3586 Ibid.

245 3654 295 3709 lv.
314 3654 377 3708 Das
394 3652 570 3710 Sacrament
586 3653 639 3708 der
655 3651 759 3708 Liebe.
782 3649 810 3729 (i.
829 3671 854 3708 e.
879 3653 924 3708 De
941 3672 989 3708 sa·

161 3771 326 3824 eramentu,
348 3758 429 3832 quod
451 3770 497 3814 est
517 3760 633 3831 signum
651 3760 761 3813 amoris
778 3755 890 3835 (livini.)
913 3755 987 3814 Ibid.

246 3881 281 3936 t'.
300 3881 356 3935 Die
373 3880 442 3936 heil.
460 3880 557 3953 Engel
575 3881 634 3935 und
651 3880 705 3935 das
721 3880 864 3936 allerheil.
878 3879 988 3936 Sacra-

160 3997 248 4039 ment.
273 3981 306 4063 (i.
324 4004 350 4040 e.
375 3985 420 4039 De
446 4003 469 4039 s.
491 3984 606 4057 angelis
631 3998 660 4039 et
681 3983 718 4039 ‹le
734 4004 758 4040 s.
777 3982 987 4063 sacramento.)

159 4059 283 4144 bidem.

245 4194 295 4249 VI.
313 4193 356 4248 Es
372 4193 479 4268 klopft.
504 4190 533 4269 (i.
552 4214 577 4248 e.
600 4194 737 4248 Pulsatur
758 4192 888 4271 ostium.)
913 4192 987 4250 Ibid.

245 4297 310 4353 Vll.
329 4298 492 4354 Brosamen
514 4297 561 4353 fiir
577 4299 625 4353 die
647 4317 748 4354 armen
769 4299 888 4355 Seelen.
913 4296 942 4375 (i.
960 4317 987 4354 e.

160 4402 248 4457 Panis
276 4402 417 4477 reliquias
444 4402 659 4459 distribuamus
686 4405 791 4459 animis
818 4403 988 4482 defunctis)

162 4503 285 4561 ibidem.

248 4610 327 4666 l'lll.
344 4611 495 4666 Emmaus.
513 4611 587 4668 ibid.

248 4715 299 4774 IX.
315 4717 382 4772 Von
399 4715 452 4771 der
468 4717 649 4791 Besuchung·
666 4717 719 4772 (les
735 4717 987 4794 Allerheiligsten.

161 4815 190 4894 (i.
208 4838 233 4875 e.
252 4821 298 4876 De
311 4824 420 4887 causis,
438 4840 515 4895 quae
532 4841 555 4877 S.
569 4836 785 4878 sacramentum
799 4825 920 4880 visitare
933 4842 989 4879 nos

163 4925 316 4999 impellere
332 4924 483 5003 debeant.)
500 4925 573 4982 Ibid.

248 5032 284 5084 X.
302 5029 396 5085 Leide
414 5030 460 5086 fiir
476 5032 525 5086 die
541 5050 642 5087 armen
660 5029 786 5088 Seelen!
805 5029 833 5107 (i.
848 5054 873 5088 e.
891 5033 990 5088 Patia-

163 5135 204 5188 ris
221 5133 343 5189 dolores
359 5154 415 5208 pro
432 5137 537 5191 animis
555 5134 732 5213 (lesunctisl)
749 5135 822 5193 Ibid.

248 5256 300 5310 XI.
318 5255 535 5313 Liebesnerke
552 5258 598 5313 fiir
610 5258 657 5313 die
670 5277 772 5314 armen
784 5258 901 5315 Seelen.
920 5260 991 5315 Vier

163 5359 389 5433 Forderungen.
407 5359 435 5438 (i.
450 5380 475 5416 e.
494 5361 540 5416 De
552 5360 640 5417 bonis
653 5362 797 5438 operibus
814 5382 869 5438 pro
886 5365 991 5419 animis

163 5463 312 5519 defunctis
328 5483 430 5520 amore
448 5465 592 5521 faciendis
609 5467 679 5540 quid
696 5466 836 5545 petatur.)
853 5465 928 5524 lbid.

1155 691 1341 784 Neugar‘t
1375 702 1639 785 Trudpertus
1669 703 1858 785 (San-Bla-

1068 818 1231 901 sianus,
1256 829 1383 901 postea
1407 819 1755 903 San-Paulanus).
1776 821 1863 885 Natus

1069 941 1175 1004 estin
1190 941 1372 1025 Villingen
1393 943 1429 1005 in
1445 963 1576 1026 magno
1594 945 1727 1007 ducatu
1741 944 1864 1007 Badeusi

1069 1062 1126 1124 die
1140 1067 1190 1127 23.
1200 1063 1305 1126 Febr.
1320 1084 1415 1142 ¹742?
1432 1085 1459 1126 s.
1472 1065 1598 1128 habitu
1611 1064 1753 1128 indutus
1763 1065 1794 1128 in
1805 1067 1868 1128 divo

1069 1185 1206 1259 Blasio;
1228 1185 1446 1249 sollemniter
1460 1186 1647 1268 professus
1667 1186 1725 1249 die
1742 1192 1786 1250 2³.
1800 1187 1870 1249 Nor.

1073 1312 1168 1386 1759:
1191 1308 1392 1372 sacerdotio
1409 1308 1569 1372 initiatus
1589 1309 1647 1371 die
1668 1309 1870 1387 1.Iun.17tS.

1068 1428 1235 1493 Scientiis
1251 1430 1505 1513 philosophicis
1522 1440 1559 1494 et
1574 1431 1781 1514 theologicis
1796 1433 1872 1494 ads.

1068 1552 1224 1615 Blasium
1248 1553 1313 1614 sub
1338 1553 1495 1636 egregiis
1518 1552 1777 1635 professoribus
1797 1553 1874 1616 Mar·

1068 1674 1142 1736 tino
1160 1674 1321 1757 Gerbert,
1339 1675 1367 1737 F
1370 1675 1492 1738 intano
1508 1675 1641 1738 Linder
1658 1686 1695 1740 et
1709 1676 1874 1739 Francisco

1068 1797 1243 1859 Kreutter
1252 1797 1397 1880 egregie
1407 1774 1581 1880 excultuS,
1595 1797 1631 1860 in
1643 1797 1771 1881 linguis
1781 1798 1874 1861 orien-

1068 1919 1200 1981 talibus
1223 1918 1452 2001 praecipuam
1478 1939 1623 2002 operam
1648 1920 1777 2003 posuit;
1796 1921 1872 1982 unde

1068 2040 1138 2103 iam
1154 2060 1247 2103 anno
1265 2047 1342 2121 1767
1358 2041 1426 2123 ipsi
1439 2041 1475 2104 in
1489 2041 1584 2105 univ.
1597 2041 1812 2124 Friburgensi
1822 2061 1871 2102 ca·

1068 2164 1194 2225 thedra
1210 2163 1319 2225 studii
1334 2163 1456 2244 biblici
1473 2173 1508 2226 et
1528 2165 1730 2246 linguarum
1745 2163 1867 2227 orienta-

1067 2286 1153 2348 lium
1174 2288 1390 2349 demandata
1413 2296 1481 2368 est,
1506 2307 1613 2369 quam
1636 2287 1744 2349 multa
1766 2285 1820 2348 fide
1837 2295 1863 2346 et
1916 2352 1918 2367 Ι

1068 2409 1226 2472 sollertia
1238 2420 1374 2490 tenenS,
1388 2410 1550 2473 laureas.
1563 2409 1762 2492 theologiae
1773 2410 1860 2470 docto

1068 2531 1116 2594 ris
1133 2541 1278 2595 ornatus
1295 2540 1358 2594 est.
1384 2531 1491 2594 Anno
1517 2551 1594 2610 1771
1622 2532 1668 2594 ad
1691 2549 1719 2594 s.
1740 2528 1857 2592 Blasiuu

1068 2665 1267 2735 revocatuS,
1275 2653 1468 2716 iunioribus
1477 2652 1716 2716 confratribus
1724 2648 1855 2733 principia

1068 2775 1272 2858 theologiae
1301 2775 1489 2857 explicuit,
1517 2794 1638 2837 eorum
1661 2783 1788 2837 mentes
1806 2771 1854 2832 illu·
1899 2766 1902 2771 ’

1069 2907 1186 2960 strans
1203 2906 1239 2960 et
1256 2897 1392 2961 animos
1409 2899 1454 2959 ad
1472 2896 1593 2959 divina
1614 2914 1770 2976 movens,
1786 2889 1853 2955 simul

1068 3019 1162 3082 viam
1179 3021 1382 3100 ostendenS,
1405 3039 1476 3101 qua
1491 3038 1556 3081 suo
1572 3019 1689 3082 Marte
1713 3019 1746 3081 in
1766 3011 1852 3079 litteris

1069 3141 1290 3223 proficerent.
1325 3140 1385 3203 Ab
1412 3161 1506 3203 anno
1537 3159 1619 3221 1779
1647 3132 1852 3223 parochiaein

1070 3263 1252 3344 Gurtweil,
1269 3262 1351 3325 dein
1364 3261 1413 3324 illi
1425 3263 1461 3325 in
1473 3262 1851 3346 Neggenschwielbons

1068 3396 1193 3468 pastor
1205 3396 1380 3468 praeerat.
1405 3385 1512 3448 Anno
1529 3389 1608 3464 1783
1627 3386 1662 3448 in
1678 3385 1756 3447 divo
1768 3375 1851 3444 Blasio

1069 3507 1273 3591 praefectus
1286 3517 1341 3569 est
1354 3507 1509 3588 archivo,
1525 3517 1562 3570 et
1574 3509 1620 3570 ab
1634 3527 1726 3570 anno
1743 3508 1805 3584 1787
1815 3501 1851 3560 dt·
1915 3547 1918 3553 ·

1056 3651 1178 3701 ,canus
1195 3651 1222 3693 s,
1239 3631 1360 3709 Blasii,
1385 3631 1487 3712 isque
1512 3630 1694 3711 inspector
1713 3628 1850 3691 multam

1069 3753 1315 3834 parochiarum
1358 3753 1441 3815 divo
1479 3753 1601 3815 Blasio
1639 3751 1850 3832 adscriptam

1067 3875 1210 3938 functus
1227 3887 1290 3938 est.
1316 3874 1375 3937 Ab
1391 3895 1484 3937 anno
1504 3895 1580 3954 1791
1600 3873 1793 3956 praeposito
1804 3866 1850 3929 leu-
1915 3880 1918 3887 '

1070 3998 1139 4061 dali
1156 3999 1192 4060 in
1208 3997 1396 4060 Bonndorf
1409 3998 1597 4060 adiunctus
1614 4006 1700 4060 erat.
1724 3995 1850 4066 Princeps

1069 4122 1182 4182 abbas
1191 4120 1366 4183 Martinus
1375 4118 1529 4182 Gerbert
1538 4121 1583 4181 de
1593 4117 1776 4182 Germania
1786 4123 1851 4175 sacra

1069 4243 1207 4304 edenda
1235 4250 1401 4322 coeptum
1428 4240 1630 4321 effecturus,
1658 4250 1695 4303 et
1720 4240 1756 4302 Ρ.
1777 4227 1850 4298 nul
1916 4246 1918 4251 '

1068 4373 1209 4446 pertum
1225 4365 1383 4426 sodalem
1400 4383 1479 4425 esse
1496 4363 1619 4445 voluit,
1643 4363 1743 4445 eique
1757 4356 1850 4441 episcr
1915 4365 1918 4369 '

1069 4496 1192 4566 patum
1209 4485 1517 4548 Constantiensem
1541 4485 1776 4547 adornandum
1793 4488 1851 4540 com·

1069 4608 1172 4674 misit.
1198 4607 1424 4670 Collectanea
1437 4606 1472 4669 in
1484 4605 1631 4669 archivo
1643 4603 1781 4670 s.·Blasii
1791 4599 1851 4663 facta

1070 4731 1169 4793 auxit
1183 4741 1219 4792 et
1231 4729 1415 4811 ampliavit
1427 4729 1506 4810 illis,
1520 4729 1661 4810 quaein
1674 4724 1806 4791 archivis
1813 4715 1851 4777 ab·

1069 4853 1245 4915 batiarum
1257 4852 1293 4913 in
1306 4849 1496 4913 Germania
1511 4860 1548 4913 et
1560 4849 1726 4913 Helvetia
1737 4836 1849 4921 collegit:

1071 4975 1192 5038 etiam
1213 4993 1289 5052 1791
1311 4973 1461 5054 primum
1481 4971 1636 5035 fructum
1657 4961 1814 5047 laboris,f
1842 4985 1849 4997 ·
1914 4980 1918 5016 ῑ

1028 5084 1031 5197 l
1071 5100 1274 5160 damentum
1299 5095 1427 5178 operis
1452 5095 1613 5159 codicem
1635 5087 1847 5177 diplomaticum

1029 5214 1031 5273 1
1071 5219 1320 5282 Allemanniae
1344 5227 1380 5280 et
1401 5219 1633 5300 Burgundiae
1657 5213 1846 5281 transiurassae
1914 5260 1918 5265 .

1072 5341 1198 5404 emisit.
1223 5340 1402 5403 Defuncto
1418 5341 1542 5403 abbati
1558 5340 1711 5404 Martino
1725 5318 1845 5398 successit
1904 5351 1915 5380 .-

1073 5483 1165 5525 anno
1194 5467 1273 5542 1793
1299 5461 1496 5544 Mauritius,
1522 5461 1583 5544 qui
1606 5462 1646 5524 P.
1663 5456 1842 5537 Trudpertum
1906 5506 1911 5511 .
