4088 6270
861 535 904 546 -
948 498 1098 562 LXXX
1144 535 1186 547 -

158 726 306 790 formam
329 724 507 789 scribendi
529 723 611 787 huic
626 724 771 788 scholae
786 724 968 807 propriam
983 725 1186 807 ostendunt,
1210 726 1342 789 abbate
1359 724 1686 803 Amoneedidisse
1702 725 1797 791 tradi

157 863 266 928 Cuius
289 883 396 928 curae
418 882 484 927 nos
506 863 765 947 pretiosissima
787 873 1015 927 monumenta
1037 863 1293 946 antiquissimis
1309 863 1509 928 Bavaricae
1532 864 1652 948 gentis
1675 876 1797 946 tempo

160 1002 359 1087 composita
382 1003 563 1086 debemus,
580 1022 672 1085 quae
690 1001 931 1088 „Congestum
948 1022 1011 1067 seu
1026 1004 1207 1068 Indiculus
1223 1003 1400 1068 Arnonis“
1417 1007 1439 1087 2)
1465 1017 1501 1070 et
1518 1006 1677 1090 „Breues
1692 1005 1796 1069 notiti

157 1143 407 1207 inscribuntur.
442 1141 603 1206 Alterius
626 1162 769 1225 quoque
792 1143 890 1226 libri,
907 1161 978 1226 quo
1000 1142 1128 1206 foedus
1151 1142 1345 1208 fraternum
1366 1145 1618 1209 monachorum
1641 1146 1688 1208 ad
1704 1164 1732 1209 s.
1748 1144 1797 1208 Pe

158 1281 375 1364 continetur,
404 1281 518 1364 prima
542 1280 730 1363 dispositio
753 1281 857 1344 huius
881 1281 1067 1346 celsissimi
1093 1281 1176 1366 viri,
1207 1282 1311 1364 primi
1335 1283 1596 1366 archiepiscopi
1619 1284 1743 1347 sedem
1765 1303 1792 1348 s.

157 1420 250 1501 perti
273 1420 439 1503 tenentis,
462 1419 594 1503 repetit
617 1429 773 1483 aetatem
786 1421 822 1501 ⁴).

286 1559 471 1622 Librorum
488 1569 606 1623 autem
623 1558 791 1643 ipsorum,
807 1578 898 1643 quos
910 1560 1010 1623 Arno
1027 1560 1198 1643 ediderat,
1218 1580 1345 1643 parum
1365 1561 1527 1625 relictum
1549 1572 1622 1637 est;
1646 1583 1729 1626 nam
1752 1583 1797 1646 pn

157 1699 346 1782 epistolam
375 1699 421 1761 ad
450 1698 640 1763 Alcuinum
671 1701 791 1763 datam
823 1710 961 1764 tantum
990 1701 1080 1763 haec
1110 1699 1312 1784 inscriptio,
1344 1721 1451 1783 quam
1481 1701 1559 1783 ipse
1589 1702 1755 1784 sepulcro
1785 1702 1796 1763 i

156 1837 320 1920 iusserat,
344 1847 481 1901 exstat:

575 1946 732 2022 „Quisque
755 1946 831 2004 velis
854 1947 998 2022 scriptam
1022 1945 1191 2005 subsistens
1215 1965 1308 2005 nosse
1330 1950 1439 2018 vietor,

570 2057 666 2128 Scito,
691 2059 774 2135 quod
797 2060 855 2135 ipsi
879 2059 948 2115 mihi
971 2060 1059 2116 vivus
1083 2060 1159 2116 hanc
1183 2059 1267 2117 Arno
1291 2061 1406 2136 peregi,

574 2171 634 2242 Qui
658 2171 774 2229 fueram
798 2183 909 2240 rector,
933 2173 1104 2247 praesentis
1127 2173 1273 2247 regimine
1297 2173 1388 2242 sedis,

572 2284 618 2342 Ac
642 2283 752 2361 opibus
775 2284 877 2341 multis
899 2283 1055 2360 multoque
1077 2287 1192 2360 potitur
1214 2285 1340 2343 honore.

570 2399 656 2455 Nunc
679 2398 728 2455 hic
750 2398 869 2456 amissis
892 2398 1009 2455 cunctis
1032 2415 1099 2454 mea
1120 2396 1256 2455 membra
1278 2400 1448 2473 quiescunt.

571 2511 619 2569 Te
642 2529 721 2586 rogo
744 2529 822 2567 nunc
845 2511 1007 2568 Dominum
1030 2507 1173 2586 precibus
1196 2510 1318 2587 pulsare
1341 2500 1500 2581 memento,

572 2625 612 2684 Ut
634 2626 704 2682 mihi
727 2624 779 2681 det
802 2625 920 2681 veniam
944 2623 1102 2693 scelerum,
1127 2642 1327 2699 quaecunque
1350 2626 1477 2700 patravi,

572 2737 730 2808 Quatenus
753 2750 908 2794 aeternam
931 2755 1049 2794 merear
1070 2735 1208 2794 habitare
1231 2735 1428 2813 quietem“⁵).

290 2907 394 2990 Quod
424 2907 621 2973 litterarum
653 2908 809 2972 studium
840 2908 947 2973 etiam
979 2917 1117 2973 mortuo
1140 2910 1287 2972 Arnone
1318 2929 1411 2972 anno
1441 2912 1499 2971 821
1534 2908 1570 2971 in
1601 2908 1797 2972 monasterii

157 3069 185 3113 s.
201 3030 359 3130 Petrum,
381 3047 541 3110 adiutum
566 3056 602 3110 et
625 3057 768 3111 auctum
791 3067 857 3130 per
879 3049 1031 3111 abbates
1059 3058 1095 3110 et
1123 3047 1412 3131 archiepiscopos
1435 3048 1668 3111 Adalramum
1698 3050 1797 3132 (821-

158 3198 194 3251 et
216 3186 469 3269 Liuphramum
493 3187 689 3268 (836-859)
713 3186 918 3270 permansit.
964 3185 1138 3269 Operum,
1169 3206 1261 3269 quae
1293 3197 1467 3270 regnante
1494 3188 1691 3251 Adalramo
1722 3207 1743 3250 e
1771 3207 1797 3251 s(

158 3326 243 3390 artis
267 3324 447 3389 scribendi
466 3344 575 3388 causa
590 3323 754 3389 instituta
769 3324 932 3408 profecta
947 3337 1039 3408 sunt,
1063 3324 1203 3408 integer
1226 3335 1390 3389 servatus
1407 3337 1462 3390 est
1477 3325 1577 3409 liber,
1596 3326 1655 3409 qui
1671 3325 1797 3390 inscrib

159 3465 304 3552 „Sermo
336 3486 363 3529 s.
386 3464 582 3549 Augustini
615 3465 660 3527 de
690 3465 853 3548 symbolo
886 3473 1009 3528 contra
1036 3462 1222 3547 Iudaeos“,
1254 3464 1313 3547 qui
1343 3467 1389 3528 ab
1417 3465 1612 3529 Adalramo
1642 3465 1762 3530 iuveni
1791 3486 1797 3528 1

157 3620 285 3692 postea
307 3606 385 3689 regi
408 3605 591 3668 Ludovico
615 3598 793 3667 Germano
817 3606 968 3686 (mortuo
991 3605 1066 3685 875)
1090 3604 1276 3667 dedicatus
1299 3615 1354 3668 est
1376 3605 1474 3668 hisce
1498 3605 1680 3668 versibus:

628 3763 772 3839 „Accipe‚
797 3782 912 3825 summe
935 3782 1020 3839 puer,
1045 3782 1170 3840 parvum
1192 3764 1362 3822 Hludovice
1386 3763 1527 3833 libellum,

624 3876 722 3947 Quem
746 3873 799 3933 tibi
823 3876 952 3934 devotus
976 3876 1084 3953 optulit
1108 3895 1145 3934 en
1168 3876 1296 3935 famulus

623 3986 747 4045 Scilicet
769 3987 910 4064 indignus
934 3989 1110 4045 luvavensis
1134 4001 1240 4065 pastor
1262 3989 1350 4048 ovilis

625 4102 732 4158 Dictus
755 4099 934 4157 Adalremus
957 4101 1095 4158 servulus
1118 4102 1184 4177 ipse
1208 4104 1307 4170 tuus,“

158 4268 194 4322 et
222 4257 258 4321 in
280 4257 380 4340 puris
410 4255 505 4319 foliis
535 4255 723 4338 pulchrum
754 4274 896 4318 carmen
920 4253 1189 4337 Germanicum,
1221 4274 1290 4336 quo
1318 4255 1438 4338 agitur
1465 4256 1509 4317 de
1538 4264 1712 4319 terrarum
1739 4274 1796 4319 om

157 4394 413 4479 deflagratione
437 4393 633 4478 (Muspilli),
655 4392 807 4457 forsitan
829 4393 1003 4458 Ludovici
1025 4414 1131 4457 manu
1155 4393 1326 4476 scripturn
1350 4393 1508 4458 continet
1522 4393 1557 4475 ⁶).

286 4683 307 4766 ι)
330 4687 418 4743 Perta
440 4685 459 4742 1.
484 4704 511 4743 c.
535 4703 576 4742 ss.
601 4685 653 4740 IX.
685 4683 719 4739 In
746 4683 792 4740 his
816 4695 880 4739 erat
904 4684 993 4739 etiam
1016 4682 1093 4740 liber
1115 4682 1308 4741 formularum
1334 4683 1380 4741 ed.
1406 4684 1581 4758 Rockinger
1604 4686 1650 4741 in:
1683 4684 1797 4754 Quellei

155 4798 230 4857 bair.
256 4798 440 4857 Geschichte
462 4797 528 4855 VII.

285 4909 307 4992 2)
330 4911 387 4969 Est
409 4909 519 4967 tabulis
542 4909 658 4965 firmata
681 4909 865 4984 conscriptio
887 4904 1036 4964 bonorum
1060 4909 1268 4990 temporalium
1290 4908 1458 4985 Salisburgi
1482 4922 1632 4986 concepta
1656 4924 1795 4987 tempore

156 5024 284 5084 Carolus
307 5025 484 5081 Baovarium
508 5020 566 5080 sibi
589 5019 711 5097 subegit
734 5017 837 5099 (edidit
861 5017 975 5100 Kainz).

283 5134 307 5217 ³)
331 5137 378 5194 ed.
403 5137 506 5194 Kainz.

284 5248 307 5331 ⁴)
331 5250 378 5307 ed.
402 5250 544 5306 Karaian.

284 5359 306 5442 ⁵)
329 5362 402 5419 Folz
426 5363 444 5419 l.
469 5381 495 5419 c.

283 5470 306 5556 ⁶)
322 5473 601 5551 Sitzungsberichte
617 5474 644 5532 d.
662 5474 691 5531 k.
706 5474 735 5531 k.
748 5473 846 5530 Akad.
863 5472 891 5530 d.
901 5472 1164 5531 Wissenschasten
1181 5475 1209 5529 in
1222 5473 1321 5542 Wien,
1339 5472 1495 5549 phil-hist.
1513 5472 1557 5530 (ΣΙ.
1574 5474 1670 5544 XXII,
1692 5488 1723 5533 et
1742 5477 1798 5534 Fol
