4088 6270
896 550 941 560 —
1002 529 1074 580 120
1126 518 1184 568 —4

160 715 349 779 Bonndorf
360 717 465 780 aliam
482 716 623 778 domum
641 713 770 777 coemit
781 732 846 795 pro
857 714 996 777 habita·
1075 734 1166 797 guas
1186 717 1433 801 monasterioli
1443 728 1638 799 proventus
1654 738 1730 803 sup]

162 840 240 902 culo
265 839 473 921 quaestoris.
508 838 654 902 Maioris
679 836 847 920 ponderis
874 847 994 900 autem
1075 839 1194 902 bebat.

163 970 199 1024 et
214 961 377 1025 utilitatis
393 972 470 1025 erat
488 962 595 1043 plena
616 960 812 1023 iurisdictio
833 979 912 1022 cum
932 961 994 1023 ad·
1159 960 1246 1024 Cum
1255 963 1611 1028 antecessorMartini
1620 964 1730 1046 princ«

161 1084 391 1147 haerentibus
408 1083 573 1147 censibus
595 1083 744 1165 aliisque
764 1082 938 1145 fructibus
958 1083 993 1145 in
1074 1084 1181 1145 radus
1205 1083 1240 1145 in
1265 1084 1441 1167 eligendis
1464 1084 1677 1149 officialibus
1701 1087 1730 1149 lu

160 1225 257 1287 pago
266 1205 508 1288 Buggenried,
518 1225 625 1287 quam
637 1224 659 1266 a
671 1205 886 1267 monasterio
895 1204 994 1267 Rhe·
1073 1205 1190 1289 fuerit,
1212 1207 1402 1289 postulatis
1417 1208 1457 1270 P.
1475 1208 1515 1270 P.
1532 1208 1730 1290 capitularii

162 1326 359 1409 naugiensi,
381 1327 443 1390 lite
464 1327 524 1389 diu
539 1327 679 1409 agitata
695 1328 836 1390 demum
852 1345 994 1407 compo·
1073 1327 1233 1392 facturus
1253 1349 1295 1392 ac
1311 1331 1406 1392 bono
1419 1329 1642 1393 subditorum
1655 1338 1692 1392 et
1703 1350 1730 1392 m

161 1450 239 1532 sita,
265 1450 390 1513 solutis
410 1459 465 1512 ter
484 1449 579 1512 mille
598 1448 741 1512 florenis
764 1457 800 1513 et
816 1448 994 1511 concessis
1075 1452 1309 1532 consulturus,
1332 1471 1416 1513 mox
1438 1452 1528 1514 duos
1549 1450 1723 1515 officiales

161 1572 373 1654 quibusdam
400 1572 525 1634 annuis
549 1572 714 1634 censibus
737 1571 773 1633 in
797 1569 995 1654 Cleggovia
1074 1573 1298 1655 negotiorum
1315 1573 1550 1655 peritissimos
1563 1573 1685 1657 elegit,
1701 1594 1730 1657 p:

162 1706 197 1757 et
214 1715 309 1779 pago
320 1695 503 1778 Fuezensi,
519 1694 670 1758 feliciter
682 1694 885 1776 adquisivit.
900 1694 994 1757 Dein
1074 1714 1139 1776 pro
1167 1697 1275 1758 rebus
1298 1694 1469 1778 politicis,
1493 1694 1659 1758 civilibus
1683 1705 1719 1760 et

162 1816 340 1880 officinam
360 1817 541 1881 ferrariam
561 1819 606 1880 ad
626 1828 773 1900 pontem
792 1817 910 1880 Albae
930 1816 994 1879 flu·
1074 1818 1224 1880 alterum
1232 1817 1406 1881 reditibus
1416 1817 1730 1901 administrandis«

162 1939 265 2003 minis
287 1959 399 2021 prope
423 1939 589 2022 Togeren
613 1939 717 2001 sitam
746 1959 767 2001 a
791 1940 896 2002 domo
919 1939 994 2000 Au-
1073 1939 1247 2002 rationem
1262 1939 1487 2023 negotiorum
1509 1950 1546 2003 et
1565 1961 1683 2003 rerum
1703 1961 1730 2004 st

161 2062 293 2124 striaca
308 2080 373 2143 pro
389 2081 518 2144 magno
534 2060 651 2143 pretio
664 2082 770 2141 90000
781 2060 993 2124 florenorum
1073 2062 1245 2145 principis
1272 2063 1451 2145 praesidio
1478 2066 1730 2128 tractandarun

161 2183 372 2264 patrimonio
393 2204 420 2248 s
441 2183 551 2246 Blasii
572 2183 711 2247 addidit
731 2194 803 2247 tam
825 2186 871 2247 ob
893 2203 993 2265 spem
1073 2186 1150 2250 tuit.
1167 2183 1282 2249 Saluti
1299 2185 1486 2267 temporali
1502 2196 1538 2249 et
1554 2186 1730 2267 spirituali

160 2306 246 2369 lucri
268 2306 350 2369 inde
367 2306 532 2389 capiendi
553 2327 659 2388 quarn
681 2317 716 2370 et
739 2307 776 2369 in
799 2306 921 2389 primis
946 2309 992 2369 ob
1072 2328 1149 2370 rum
1165 2306 1317 2390 plurima
1333 2318 1370 2370 et
1386 2308 1521 2388 optima
1533 2307 1701 2390 providit.
1724 2316 1730 2389 t

161 2440 293 2492 metum
310 2429 429 2491 damni
445 2448 510 2510 pro
527 2429 626 2492 silvis
643 2429 773 2492 circum
790 2448 817 2492 s.
834 2428 992 2491 Blasium
1030 2376 1034 2493 i
1071 2449 1145 2493 rem
1163 2450 1185 2491 a
1199 2428 1431 2492 fundamento
1443 2429 1678 2511 exordiretur,
1693 2449 1730 2512 pr

160 2551 307 2632 diffusis,
327 2552 357 2614 si
378 2551 520 2614 officina
539 2553 628 2614 haec
648 2551 707 2614 alii
723 2551 874 2633 emptori
890 2570 992 2613 cessa
1030 2502 1033 2619 1
1072 2555 1230 2634 curabat,
1251 2562 1290 2615 ut
1311 2551 1475 2615 iuventus
1498 2552 1632 2615 rustica
1655 2553 1690 2615 in
1713 2573 1730 2615 s

159 2675 295 2738 fuisset.
319 2675 392 2738 Rei
408 2674 656 2737 oeconomicae
678 2684 714 2737 et
732 2674 871 2737 aerario
887 2674 992 2755 profi·
1070 2674 1252 2758 religionis
1269 2674 1463 2758 principiis,
1487 2684 1564 2737 arte
1589 2672 1730 2758 legendi

160 2819 226 2860 cua
249 2807 325 2860 erat
346 2798 470 2859 domus
492 2806 528 2859 et
547 2796 693 2878 fabrica,
717 2816 823 2877 quam
847 2816 912 2877 pro
935 2816 992 2860 co·
1071 2798 1180 2860 bendi
1195 2799 1286 2859 bene
1302 2797 1550 2871 instrueretur;
1567 2815 1633 2878 pro
1648 2797 1730 2859 ludii

58 2960 65 2985 t
160 2921 302 3003 quenda
331 2929 367 2982 et
390 2919 542 2982 subditis
567 2919 792 2981 divendenda
819 2919 991 2981 cerevisia
1070 2940 1184 3001 usque
1199 2921 1269 2982 huc
1284 2919 1346 2982 vili
1361 2919 1524 2981 mercede
1539 2919 1723 2982 conductis

160 3062 273 3124 prope
299 3041 492 3123 hospitium
522 3061 614 3103 anno
647 3060 724 3120 1792
755 3040 879 3103 erexit.
910 3040 990 3103 Huc
1071 3043 1123 3106 vit
1142 3045 1342 3105 mercedem
1362 3041 1544 3104 laboribus
1565 3060 1730 3124 congrua]

161 3165 314 3246 denique
327 3164 482 3247 pertinet
493 3163 781 3227 monasteriolum
793 3162 990 3245 Mengense
1071 3165 1180 3228 libros
1196 3165 1250 3229 his
1264 3164 1394 3227 scholis
1406 3164 1627 3227 necessarios
1640 3174 1677 3227 et
1688 3184 1730 3245 ap

161 3288 206 3369 (in
227 3286 529 3368 Wiirtembergia)
555 3286 637 3348 divo
658 3285 779 3348 Blasio
804 3295 989 3367 retrusum,
1071 3287 1339 3353 San-Blasianis
1363 3286 1514 3369 imprimi
1538 3285 1634 3368 iecit,
1659 3305 1728 3367 que

160 3409 372 3490 patrimonio
389 3409 461 3471 divi
474 3408 585 3472 Blasii
602 3408 743 3470 minime
757 3407 989 3488 profuturum.
1071 3411 1144 3473 suis
1160 3409 1337 3491 religiosis
1348 3408 1512 3490 instituit,
1526 3408 1587 3489 qui
1600 3418 1730 3490 quotan

160 3532 451 3596 Monasteriolum
477 3534 560 3613 hoc,
592 3533 770 3612 quondam
794 3531 991 3594 Wilhelmi·
1070 3536 1123 3597 las
1139 3533 1311 3613 visitaret,
1328 3530 1730 3614 ludimagistrorumscit

158 3669 284 3736 tarum,
310 3676 389 3718 cum
413 3657 552 3719 duobus
576 3655 654 3717 aliis
680 3655 714 3717 in
739 3653 931 3718 Oberriedt
955 3665 991 3716 et
1071 3655 1279 3718 industriam
1300 3654 1515 3734 exploraret,
1533 3653 1674 3735 ineptos
1696 3653 1731 3714 di

159 3777 246 3843 Sion
254 3777 446 3860 pontificia,
457 3797 625 3840 caesarea
635 3788 670 3839 et
679 3777 856 3839 ordinaria
869 3786 989 3839 aucto·
1029 3790 1032 3947 V
1071 3777 1229 3858 aptiores
1247 3777 1459 3855 adsumeret,
1478 3784 1513 3837 et
1530 3775 1624 3837 omni
1641 3775 1730 3837 mod«

1028 3952 1031 4043 1

157 4035 332 4107 poratum,
345 4025 391 4085 ab
404 4023 537 4085 abbate
546 4020 736 4084 Francisco
746 4022 789 4084 H.
800 4041 892 4084 anno
909 4040 986 4099 1741
1028 4046 1031 4069 ι
1070 4021 1148 4103 Quo
1165 4021 1307 4102 quidem
1321 4019 1449 4100 evenit,
1467 4029 1506 4082 ut
1518 4018 1662 4082 scholae
1675 4017 1730 4083 Sar

158 3903 263 3966 ritate
287 3900 554 3982 congregationi
576 3897 856 3963 San-Blasianae
877 3900 990 3961 incor-
1071 3908 1177 3979 ceret,
1194 3908 1233 3961 ut
1249 3898 1309 3980 pia
1326 3897 1497 3978 principis
1513 3906 1599 3959 vota
1614 3897 1730 3978 adimp

159 4146 402 4210 Benedictinis
426 4144 671 4208 Petrihusanis
700 4143 869 4206 traditum
898 4154 988 4215 erat:
1028 4092 1031 4245 1
1069 4164 1136 4207 nae
1153 4163 1239 4224 prae
1253 4142 1380 4205 ceteris
1393 4142 1540 4204 multum
1554 4139 1730 4204 efflorerer

159 4270 218 4352 qui
234 4280 353 4332 autem
369 4269 520 4349 posthac
541 4268 587 4329 ob
607 4266 776 4348 plurimos
797 4276 933 4329 sumtus
954 4267 989 4328 in
1028 4248 1031 4307 Ῑ
1070 4269 1114 4328 de
1135 4268 1273 4328 cultura
1298 4265 1477 4345 silvarum,
1503 4265 1548 4326 de
1572 4266 1678 4326 modo
1701 4263 1730 4343 lig

159 4392 246 4454 istas
270 4393 378 4454 aedes
405 4390 521 4453 factos
544 4409 566 4450 a
589 4408 615 4451 s.
637 4389 758 4451 Blasio
782 4409 989 4470 compensa·
1069 4389 1152 4452 ditis
1184 4387 1426 4471 permittendi,
1454 4396 1490 4449 et
1517 4407 1562 4449 ne
1588 4386 1687 4449 ferae
1718 4407 1730 4449 s

158 4514 289 4578 tionem
309 4514 563 4594 exposcebant.
585 4511 653 4574 Liti
675 4512 735 4574 diu
751 4512 911 4595 agitatae
927 4514 988 4574 ab·
1027 4458 1030 4595 i
1069 4531 1190 4575 eorum
1210 4510 1375 4593 frugibus
1400 4513 1567 4571 damnum
1591 4508 1720 4571 inferre

1026 4606 1030 4649 ¹
1067 4637 1160 4696 bene
1176 4632 1371 4715 praecepit.
1395 4632 1507 4694 Porro
1522 4633 1569 4693 ad
1584 4632 1730 4694 mandat

158 4640 224 4699 bas
240 4636 415 4698 Martinus
432 4652 551 4696 amore
568 4633 667 4714 pacis
683 4654 776 4696 anno
794 4633 988 4714 1774finem

157 4759 242 4822 fecit
269 4776 400 4841 magno
432 4755 575 4837 quidem
606 4755 822 4820 confratrum
850 4757 987 4819 Blasia-
1068 4756 1157 4838 cipis
1174 4754 1343 4818 officiales
1361 4755 1395 4817 in
1407 4753 1730 4817 bonaimmobiliat

157 4902 280 4945 norum
305 4880 538 4960 incommodo,
559 4880 618 4962 qui
641 4900 662 4941 a
681 4880 817 4961 reliquo
838 4900 986 4961 corpore
1068 4879 1286 4960 singulorum
1311 4877 1531 4939 subditorum
1552 4877 1723 4940 adcurate

157 5004 325 5067 Blasiano
356 5012 504 5085 propter
538 5003 605 5064 loci
644 5003 849 5066 distantiam
886 5004 986 5084 quasi
1067 5005 1225 5082 bant,·et
1249 5000 1472 5081 exploratum
1497 5007 1630 5062 statum
1653 4999 1719 5061 sub

157 5126 312 5207 separati
333 5125 513 5206 vivebant,
535 5145 600 5187 nec
617 5125 742 5188 minori
759 5126 887 5188 aerarii
905 5126 987 5187 Bla-
1068 5122 1208 5185 nomine
1224 5121 1368 5203 proprio
1385 5122 1418 5183 in
1436 5121 1588 5183 tabellas
1601 5131 1638 5184 et
1653 5121 1730 5183 libr<

157 5248 247 5310 siani
275 5247 403 5309 damno
411 5295 420 5327 ,
449 5248 543 5327 quod
571 5267 640 5309 non
669 5256 741 5308 tam
765 5248 810 5308 ad
840 5247 987 5309 alendos
1069 5245 1266 5307 destinatos
1288 5243 1541 5323 inscribebant,
1564 5241 1615 5304 ita
1635 5250 1675 5305 ut
1693 5239 1728 5303 fa

156 5380 228 5433 tres
259 5370 460 5452 religiosos,
495 5390 600 5450 quarn
632 5370 677 5431 ad
708 5370 987 5452 hospitalitatem
1068 5378 1194 5450 spectu
1211 5375 1316 5444 esset,
1339 5366 1443 5446 quale
1464 5365 1615 5446 quisque
1637 5364 1682 5426 de
1700 5365 1730 5425 bt

155 5492 296 5575 aliaque
322 5512 482 5573 expensa
510 5492 698 5573 quotannis
725 5491 889 5554 facienda
913 5490 987 5552 exi·
1067 5489 1224 5572 vectigal
1245 5488 1386 5550 domino
1408 5490 1569 5569 deberet,
1595 5507 1678 5549 num
1701 5503 1730 5548 rt
