4034 6262
859 489 900 496 —
944 450 1089 513 LXXII
1135 487 1177 496 -

145 681 332 763 geratben,
356 696 396 739 so
421 679 515 740 wiire
539 677 592 739 sie
617 679 707 740 doch
731 677 767 739 in
790 678 859 740 den
882 677 1054 741 Kliistern
1079 679 1150 741 und
1175 678 1238 741 auf
1259 679 1366 741 deren
1392 676 1529 742 Giitern
1552 681 1728 758 erhalten,
1753 679 1825 741 und
1849 698 1885 740 es

144 817 281 881 kdnnte
304 819 397 880 noch
421 817 478 879 die
503 817 578 879 Zeit
602 817 779 897 kommen,
804 837 859 879 wo
882 837 963 880 man
979 818 1031 881 sie
1048 838 1117 880 von
1135 819 1245 880 daher
1261 822 1394 881 ebenso
1411 819 1575 902 begierig
1592 819 1729 882 wieder
1745 819 1885 880 hervor-

144 957 280 1019 suchen
304 955 431 1037 diirfte,
456 957 523 1018 wie
547 976 629 1018 man
654 957 814 1018 daselbst
843 957 900 1018 die
928 958 1019 1019 noch
1046 959 1293 1040 verborgenen
1322 956 1472 1021 Schiitze
1504 960 1567 1020 der
1596 956 1885 1021 Gelehrsamkeit

145 1097 218 1158 und
242 1097 375 1158 andere
399 1096 643 1158 Alterthiimer
668 1097 932 1161 hervorsucht.“

276 1233 364 1296 Cum
381 1235 483 1296 novis
499 1234 689 1315 parochiis,
714 1255 802 1316 quas
826 1235 1017 1316 imperator
1041 1236 1214 1317 Iosephus
1230 1236 1274 1299 II.
1298 1256 1391 1298 anno
1422 1240 1500 1314 1783
1526 1237 1680 1299 iusserat
1705 1233 1883 1312 constitui,

144 1394 260 1437 novae
284 1394 426 1456 quoque
451 1374 594 1436 scholae
626 1374 792 1436 conditae
824 1386 914 1438 sunt.
961 1374 1104 1456 Earum,
1138 1395 1229 1456 quae
1258 1375 1363 1438 hodie
1394 1376 1429 1438 in
1464 1375 1612 1438 Austria
1645 1372 1883 1449 inveniuntur,

145 1515 345 1596 permultae
369 1533 391 1573 a
415 1512 661 1576 Benedictinis
685 1522 767 1575 sunt
790 1513 964 1576 conditae.

274 1652 352 1714 Res
384 1653 619 1715 scholasticae
650 1664 686 1715 et
718 1654 983 1716 ecclesiasticae
1011 1663 1112 1716 erant
1144 1655 1354 1717 coniunctae
1385 1655 1527 1716 vinculo
1559 1654 1757 1734 artissimo,
1792 1656 1881 1735 quod

143 1792 292 1855 multum
314 1793 474 1854 laxatum
499 1804 553 1853 est
577 1792 658 1873 lege
683 1811 775 1855 anno
805 1798 884 1871 1809
909 1793 1015 1856 edita.
1060 1793 1276 1856 Patronatus
1300 1794 1518 1874 scholarum,
1551 1794 1612 1876 qui
1641 1813 1757 1874 usque
1782 1795 1827 1855 ad
1850 1793 1881 1854 id

143 1948 286 2013 tempus
309 1951 331 1993 a
353 1931 603 2012 parochiarum
634 1932 795 2012 patronis
829 1935 1082 2014 exercebatur,
1114 1954 1327 2015 quamquam
1358 1935 1439 2015 plus
1471 1933 1589 1995 oneris
1620 1932 1748 1995 habuit
1781 1952 1880 2013 quam

144 2071 333 2149 commodi,
356 2089 436 2132 cum
461 2090 532 2132 non
556 2071 669 2132 solum
693 2071 854 2152 magistri
886 2092 906 2132 a
937 2073 1097 2152 patronis
1129 2081 1164 2134 et
1196 2072 1348 2154 civibuS,
1382 2092 1530 2152 quorum
1563 2071 1687 2132 schola
1719 2089 1879 2150 quaeque

143 2226 232 2288 erat,
256 2222 376 2271 essent
400 2209 626 2272 sustentandi
650 2219 758 2289 atque
781 2209 1040 2289 renumerandi,
1064 2211 1127 2272 sed
1152 2210 1258 2272 etiam
1283 2211 1392 2272 aedes
1416 2210 1696 2279 conservandae,
1722 2209 1893 2271 sublatus

145 2351 416 2429 scholarumque
440 2367 526 2410 cura
549 2347 692 2429 publica
716 2349 813 2411 facta
837 2360 902 2412 est.

275 2485 433 2550 Orientis
450 2486 675 2549 Benedictini
691 2486 767 2549 sive
785 2486 1018 2569 congregatio
1035 2487 1339 2550 Mechitharistica
1363 2491 1487 2551 eadem
1511 2488 1686 2551 industria
1710 2488 1746 2550 in
1764 2487 1893 2569 pueris!

144 2626 340 2690 educandis
364 2626 639 2707 erudiendisque
656 2635 843 2687 versantur
866 2645 908 2687 ac
932 2624 1060 2688 fratres
1078 2626 1113 2688 in
1130 2627 1325 2689 occidente.
1357 2627 1677 2709 Constantinopoli,
1695 2625 1893 2710 Smyrnae:

144 2767 312 2848 Tergesti
335 2766 467 2828 scholis
491 2765 683 2827 maioribus
706 2775 890 2844 praesunt,
916 2763 1223 2846 Constantinopoli
1247 2777 1282 2827 et
1306 2738 1454 2847 hydinii
1482 2765 1687 2829 minoribus,
1729 2766 1824 2827 Dum
1848 2764 1893 2828 in

145 2907 268 2969 schola
291 2903 687 2986 Constantinopolitana
719 2903 850 2966 maiore
882 2923 953 2966 non
984 2903 1043 2967 alii
1076 2905 1144 2966 nisi
1175 2905 1321 2967 iuvenes
1352 2925 1397 2967 ex
1421 2905 1591 2967 Armenia
1622 2904 1764 2967 oriundi
1798 2904 1893 2967 rech

144 3045 301 3127 piantur,
325 3043 455 3107 ceteris
479 3044 609 3107 scholis
633 3045 825 3107 maioribus
849 3045 996 3107 iuvenes
1021 3044 1128 3107 etiam
1145 3043 1223 3105 aliis
1239 3043 1441 3105 nationibus
1458 3043 1525 3105 orti
1541 3055 1699 3106 utuntur.
1733 3041 1893 3107 Scolari

144 3186 213 3247 bus
228 3183 381 3245 alumnis
397 3195 479 3246 sunt
496 3183 666 3246 discenda
682 3184 804 3266 lingua
819 3184 957 3265 Latina,
976 3183 1199 3262 Armeniaca,
1224 3192 1297 3244 tam
1313 3192 1416 3245 vetus
1433 3203 1538 3264 quam
1558 3203 1696 3263 recens,
1714 3182 1893 3247 Gallaicffi

146 3322 281 3404 Italica,
305 3321 529 3404 Germanica,
554 3321 702 3395 Gallica,
720 3324 870 3387 Turcica
894 3336 929 3386 et
946 3321 1096 3404 Graeca,
1120 3332 1307 3404 praeterea
1324 3340 1446 3384 omnes
1462 3321 1643 3401 scientiae,
1669 3342 1763 3403 quae
1780 3321 1893 3385 hodi-

144 3464 180 3526 in
203 3461 402 3546 gymnasiis
427 3463 542 3526 solent
567 3463 723 3526 tractari.

917 3809 1022 3873 CAP.
1046 3807 1107 3871 IV.

276 4018 500 4083 Benedictini
525 4030 563 4083 ut
586 4020 621 4084 in
644 4019 764 4102 pueris
788 4018 995 4082 excolendis
1019 4015 1186 4081 eximiam
1214 4034 1356 4096 semper
1379 4015 1617 4077 exhibuerunt
1640 4034 1809 4098 operam,
1837 4016 1893 4078 il:

144 4159 347 4227 adultorum
381 4158 478 4225 vitae
512 4170 610 4224 recte
646 4159 887 4223 instituendae
923 4177 1103 4239 nunquam
1142 4155 1330 4218 defuerunt
1368 4163 1476 4234 atque
1510 4153 1545 4215 in
1580 4152 1738 4235 Alpinas
1774 4155 1893 4216 valle

144 4298 358 4369 austriacas
381 4298 578 4363 doctrinam
595 4297 833 4363 Christianam
850 4298 953 4380 primi
969 4297 1200 4379 pertulerunt.
1232 4293 1400 4357 Monachi
1416 4313 1442 4355 S.
1460 4292 1567 4372 Petri,
1585 4292 1719 4373 quibus
1735 4294 1893 4357 Iuvavt:

143 4441 181 4509 in
202 4438 340 4527 oppido
363 4438 620 4523 antiquissimo,
653 4440 848 4504 animarum
881 4458 964 4501 cura
996 4446 1073 4499 erat
1105 4434 1308 4514 commissa,
1341 4450 1410 4495 non
1441 4431 1554 4493 solum
1584 4431 1620 4492 in
1651 4441 1751 4495 terra
1780 4432 1893 4497 Salis

142 4576 317 4667 lmrssensi
339 4581 468 4645 multas
492 4583 601 4644 aedes
625 4600 746 4644 sacras
763 4577 1052 4658 aedificaverunt,
1077 4576 1171 4638 circa
1188 4592 1277 4654 quas
1298 4572 1434 4634 incolae
1451 4571 1582 4652 Alpini,
1609 4572 1671 4652 qui
1694 4573 1769 4634 late
1787 4579 1893 4635 erant

143 4719 310 4805 dispari,
333 4722 583 4801 consederunt,
608 4722 671 4784 sed
696 4719 804 4783 etiam
829 4718 999 4798 episcopo
1012 4714 1165 4797 Virgilio
1188 4714 1320 4774 abbate
1337 4708 1546 4772 Carantanis
1563 4707 1769 4773 Christiana
1785 4727 1887 4793 prae·

142 4872 251 4947 ‘xlm
274 4859 508 4924 tradiderunt.
555 4860 707 4941 Virgilio
732 4866 877 4920 auctore
902 4855 1105 4932 Modestus,
1131 4851 1320 4933 episcopus
1344 4848 1577 4929 regionariuS,
1608 4846 1730 4911 Slavis
1755 4849 1876 4912 Caran-

143 5000 248 5081 rania,
272 4999 332 5082 qui
357 5000 499 5063 omnino
524 5000 631 5063 etiam
656 5013 728 5061 tum
755 4996 935 5060 erroribus
961 4993 1112 5056 ethnicis
1138 4991 1398 5068 detinebantur,
1423 4986 1657 5049 Christianam
1674 4988 1870 5070 religionem

143 5139 285 5225 meruit
308 5150 417 5221 aulus:
441 5141 550 5202 aedos
575 5159 696 5202 sacras
720 5133 925 5199 aedificavit
950 5131 1047 5211 Solii,
1065 5131 1098 5190 V
1101 5129 1217 5207 illacii,
1235 5126 1420 5205 Teurniae,
1436 5126 1471 5187 in
1488 5126 1620 5205 oppido
1637 5126 1870 5188 Romanorum

144 5278 402 5361 metaplasmo,
450 5280 483 5344 is
507 5280 608 5343 labor
631 5290 703 5342 tam
728 5272 957 5337 laudabiliter
982 5280 1171 5349 susceptus
1196 5287 1273 5328 curn
1298 5264 1409 5326 turbis
1441 5264 1475 5323 in
1504 5262 1719 5326 Carantania
1749 5266 1869 5327 exortis

145 5418 369 5485 inurunt-«ua
393 5430 498 5499 sanet,
523 5439 554 5482 a.
582 5439 641 5497 77²
668 5432 800 5496 magno
825 5410 1076 5472 monachorum
1101 5424 1247 5468 numero
1271 5401 1522 5465 monasteriis.
1548 5402 1645 5462 Petri
1670 5400 1867 5482 Salisburgi.
