4034 6262
891 444 1129 507 „LX-

145 674 278 736 Altaha
301 674 471 755 superior,
499 673 693 756 Aspacum,
725 672 753 734 F
756 673 923 752 ombach,
952 670 1072 734 Cellae
1100 670 1283 733 Marianae
1311 672 1357 733 ad
1384 672 1605 754 Prennberg,
1637 671 1743 751 Rott,
1769 670 1859 734 Aett

145 813 443 875 Blankenstetten
466 811 812 875 confoederationem
836 809 998 873 iniissent
1020 818 1128 891 atque
1152 809 1302 872 interea
1319 810 1554 890 convenisset,
1578 818 1618 873 ut
1642 829 1690 872 ex
1715 809 1859 872 omnibu

144 951 367 1014 monasteriis
398 950 620 1033 professores
650 952 907 1031 praeberentur
940 958 1048 1031 atque
1080 948 1240 1012 monachi
1272 949 1307 1010 in
1340 949 1612 1012 universitatem
1644 949 1857 1011 mitterentu

143 1090 256 1170 Paris,
280 1109 400 1153 comes
423 1090 467 1152 de
491 1089 633 1152 Lodron
658 1088 908 1171 (rom-1653),
932 1088 992 1169 qui
1016 1089 1139 1151 Marco
1162 1097 1398 1168 successerat,
1433 1108 1525 1151 anno
1554 1091 1635 1151 1620
1657 1090 1705 1150 ab
1730 1088 1859 1169 imperi

58 1250 64 1263 ‘
144 1239 220 1292 tore
244 1228 470 1292 Ferdinando
494 1228 538 1292 II.
562 1247 776 1308 caesaream,
801 1227 1042 1308 quinquennio
1065 1235 1149 1309 post
1172 1228 1218 1290 ab
1242 1227 1388 1290 Urbano
1412 1227 1509 1291 VIII.
1535 1229 1632 1289 sedis
1656 1228 1859 1311 apostolica

144 1367 297 1431 obtinuit
321 1368 568 1430 auctoritatem
592 1386 671 1429 cum
695 1366 769 1429 iure
793 1366 971 1429 tribuendi
986 1367 1139 1429 honores
1155 1365 1380 1429 academicos
1397 1365 1431 1429 in
1449 1375 1616 1448 quattuor
1633 1366 1857 1429 facultatibu

144 1507 247 1569 Nova
269 1509 358 1569 haec
381 1506 595 1569 universitas
619 1505 675 1568 die
704 1526 751 1569 11.
769 1505 848 1570 Oct.
874 1509 953 1568 1623
978 1505 1195 1569 sollemniter
1219 1505 1384 1568 dedicata
1407 1515 1444 1568 et
1466 1506 1502 1568 in
1525 1518 1741 1588 perpetuum
1769 1507 1859 1569 Beni

147 1644 357 1707 dictinorum
379 1644 493 1707 ordini
519 1644 701 1725 adscripta
718 1654 782 1709 est.
815 1644 919 1707 Initio
937 1645 1089 1726 quidem,
1107 1664 1185 1706 cum
1203 1654 1316 1707 ortum
1334 1656 1430 1708 esset
1452 1646 1583 1708 bellum
1601 1646 1753 1728 triginta
1776 1665 1859 1708 ann<

146 1804 231 1864 rum,
264 1785 349 1846 urbs
380 1803 459 1846 cum
491 1783 723 1846 universitate
754 1784 892 1867 magnis
924 1783 1189 1847 calamitatibus
1212 1786 1456 1865 premebatur,
1490 1794 1527 1846 ut
1551 1785 1658 1847 etiarn
1683 1784 1859 1847 academi

146 1923 244 1985 cives
259 1922 365 1985 armis
382 1921 533 2004 arreptis
557 1924 679 1984 urbem
697 1931 821 1984 contra
837 1921 985 1985 Suecios
1001 1922 1225 2004 rusticosque
1248 1923 1283 1984 in
1308 1924 1440 1985 bellum
1465 1932 1606 1986 coortos
1630 1923 1856 1986 defenderen

145 2061 207 2124 ubi
222 2080 308 2123 vero
332 2060 441 2123 otium
465 2079 545 2122 esse
567 2061 694 2141 coepit,
719 2061 826 2124 etiam
850 2081 906 2123 res
930 2061 1173 2124 universitatis
1196 2063 1289 2124 laete
1314 2071 1573 2144 processerunt.
1607 2064 1716 2125 Anno
1739 2068 1859 2126 mosa

146 2201 354 2264 societatem
377 2200 528 2263 accessit
549 2201 782 2282 congregatio
798 2200 1251 2282 Austriaco·Benedictina,
1273 2201 1308 2263 in
1325 2221 1396 2283 qua
1411 2203 1500 2264 haec
1523 2211 1624 2263 erant
1647 2202 1859 2264 monasteria

146 2339 392 2420 Cremifanum,
417 2339 642 2419 Lambacum,
671 2340 903 2420 Lunaelacus,
932 2337 1096 2420 Garsten,
1126 2338 1347 2420 Gluniacum,
1376 2341 1422 2402 ad
1449 2340 1600 2420 Montes,
1630 2360 1657 2400 s,
1688 2341 1859 2402 Lambert

145 2501 171 2542 s.
188 2478 301 2559 Pauli,
319 2477 516 2557 Ossiacum,
540 2497 567 2540 s.
584 2477 747 2557 Arnoldi,
763 2478 966 2559 Mellicium,
992 2476 1221 2558 Gottvicium,
1238 2477 1527 2558 Seitenstadium,
1546 2478 1666 2540 Cellae
1683 2478 1859 2541 Mariana«

143 2587 417 2700 Altenburgum,
431 2616 619 2680 Scotorum
632 2617 972 2681 Vindobonensium.
997 2616 1114 2679 Etiam
1131 2616 1346 2679 monasteria
1363 2617 1565 2679 Bievnovia
1582 2628 1617 2679 et
1635 2616 1831 2680 Cladrubia
1847 2620 1855 2679 i

144 2757 331 2837 Bohemia,
355 2777 382 2819 e.
406 2756 552 2819 Martini
574 2757 610 2819 in
634 2777 661 2820 s.
684 2757 808 2820 Monte
832 2756 1053 2837 Pannoniae,
1077 2757 1293 2819 monasteria
1318 2755 1515 2818 Tirolensia
1539 2766 1575 2818 et
1595 2756 1768 2818 Austriae
1793 2758 1859 2819 cisa

144 2898 305 2959 rulanae:
336 2894 372 2959 S.
397 2893 555 2976 Georgii,
587 2895 939 2978 Mariaemontanum,
971 2895 1092 2978 Augia
1116 2896 1226 2959 maior
1249 2907 1332 2959 ante
1354 2905 1510 2957 montem
1535 2896 1694 2975 Arulam,
1724 2897 1771 2957 ad
1799 2915 1857 2957 con

144 3033 425 3097 foederationem
457 3043 685 3096 accesserunt
719 3034 939 3115 clericosque
974 3035 1155 3098 miserunt.
1201 3036 1301 3097 Idem
1332 3035 1494 3097 fecerunt
1526 3035 1613 3096 haec
1646 3035 1856 3097 monasteria

145 3173 452 3255 Gengenbacense
476 3185 512 3235 et
535 3172 810 3236 Schutteranum
833 3173 869 3235 in
894 3173 1101 3256 Brisgovia,
1134 3174 1163 3235 F
1166 3175 1313 3235 uldense
1340 3174 1378 3235 in
1408 3173 1609 3252 Buchonia,
1642 3194 1668 3235 s.
1694 3173 1859 3236 Michaeli

144 3315 190 3376 ad
214 3313 444 3394 Babenberg,
475 3311 708 3376 Schvvarzach
735 3313 769 3374 in
794 3313 1001 3393 Franconia,
1033 3333 1059 3376 s.
1088 3313 1289 3396 Meginradi
1314 3313 1349 3375 in
1371 3312 1536 3392 Heremo,
1561 3333 1588 3375 s,
1616 3310 1722 3392 Galli,
1755 3314 1858 3375 Rhen

145 3451 253 3533 augia
275 3451 311 3513 in
335 3451 512 3531 Helvetia,
544 3452 703 3534 Tyrense
735 3452 770 3513 in
801 3451 975 3532 Lithavia,
1008 3451 1326 3515 Saecischoviense
1350 3460 1386 3514 et
1410 3451 1619 3533 Tynecense
1651 3452 1687 3513 in
1719 3452 1859 3514 Polouia

147 3589 414 3671 Campidonum,
432 3590 602 3671 Fuessen,
618 3590 646 3651 F
649 3591 850 3669 ultenbach,
868 3589 1158 3670 Ochsenhausen,
1176 3591 1225 3652 W
1227 3591 1394 3672 iblingen,
1408 3590 1457 3651 W
1459 3589 1655 3671 eingarten,
1673 3590 1859 3653 Zvviefalte

145 3728 181 3791 in
204 3727 348 3809 Suevia,
372 3728 551 3811 Sigeberg
574 3748 686 3810 prope
711 3726 904 3810 Coloniam,
928 3749 957 3803 s,
978 3729 1077 3792 Petri
1100 3729 1135 3791 in
1152 3729 1420 3812 Abdinghofen,
1445 3728 1596 3791 Corbeia
1612 3749 1717 3809 nova,
1742 3729 1859 3791 Liems

146 3872 323 3931 bornense
347 3869 383 3931 in
405 3868 643 3948 Westphalia.

274 4006 508 4088 Praepositus
532 4018 608 4069 erat
631 4007 855 4070 universitati
878 4027 1035 4089 praeses,
1060 4029 1106 4070 ex
1131 4009 1300 4069 abbatum
1318 4007 1648 4069 confoederatorum
1672 4027 1823 4069 numero
1846 4007 1856 4068 i

146 4156 218 4209 tres
241 4166 354 4209 annos
378 4146 523 4226 electuS,
548 4146 647 4208 cuius
672 4145 707 4208 in
730 4156 910 4228 potestate
935 4157 1021 4227 erat,
1054 4146 1226 4228 quidquid
1254 4147 1300 4207 ad
1328 4146 1443 4227 ipsam
1473 4146 1678 4227 pertinebat
1710 4146 1859 4208 universi

147 4293 267 4365 tatem,
291 4285 326 4346 in
350 4283 471 4366 primis
495 4285 667 4348 scrutatio
690 4285 880 4366 quotannis
904 4287 1079 4350 obeunda.
1124 4286 1166 4348 Ei
1197 4285 1310 4348 additi
1340 4295 1441 4347 erant
1472 4285 1628 4366 quinque
1660 4287 1859 4348 assistentes

148 4442 295 4504 quorum
319 4423 486 4504 princeps
514 4423 685 4486 assistens
712 4436 908 4505 perpetuus
937 4434 1022 4487 erat.
1068 4424 1156 4486 Eum
1187 4427 1302 4487 locum
1333 4424 1537 4503 obtinebat,
1570 4423 1774 4504 quicunque
1807 4443 1859 4485 era

148 4562 261 4623 abbas
284 4581 310 4622 s.
335 4527 433 4625 Petri
458 4560 666 4644 Salisburgi.
713 4560 840 4646 Ceteri,
865 4574 903 4625 ut
927 4563 1113 4626 triennium
1138 4567 1304 4645 quodque
1328 4564 1474 4643 exierat,
1504 4564 1550 4624 ab
1579 4563 1773 4625 abbatibus
1803 4582 1859 4625 cor

148 4699 341 4761 foederatis
365 4701 589 4782 eligebantur
611 4700 740 4782 singuli
765 4721 811 4763 ex
835 4714 987 4782 quatuor
1014 4703 1205 4783 provinciis
1215 4752 1223 4782 ,
1259 4723 1350 4784 quae
1381 4701 1691 4764 confoederatione
1725 4703 1859 4764 contine

149 4841 294 4900 bantur:
328 4836 627 4920 SalisburgensiS,
657 4840 900 4918 Bavariensis,
933 4838 1151 4922 Sueviensis,
1176 4843 1376 4903 Austriaca.
1423 4842 1576 4902 Decreta
1609 4841 1727 4902 omnia
1760 4840 1859 4903 confir

149 4980 278 5039 manda
304 4990 403 5039 erant
427 4998 562 5039 summa
586 4979 847 5059 archiepiscopi
872 4978 1155 5062 Salisburgensis
1180 4981 1400 5041 auctoritate.

279 5117 415 5178 Rerum
440 5118 711 5179 domesticarum
736 5117 995 5178 administratio
1019 5118 1053 5178 in
1079 5119 1205 5197 ,Alma
1229 5118 1481 5179 Benedictina“
1513 5118 1637 5177 eadem
1666 5129 1759 5196 erat,
1793 5137 1857 5197 qua

150 5259 184 5316 in
209 5254 337 5315 ceteris
364 5254 662 5316 universitatibus,
709 5255 882 5334 Princeps
907 5255 1059 5315 omnium
1085 5266 1160 5316 erat
1184 5256 1321 5316 Rector
1344 5254 1564 5336 Magnificus
1591 5255 1624 5316 in
1650 5256 1838 5316 triennium

150 5391 412 5473 professoribus
435 5392 781 5453 eBenedictinorum
806 5412 950 5455 numero
976 5393 1120 5471 electus,
1146 5393 1204 5472 qui
1228 5393 1443 5474 amplissima
1468 5404 1611 5454 ornatus
1640 5393 1858 5455 iurisdiction
