4034 6262
123 650 309 733 pristinum
322 648 435 711 rediit.
465 652 632 728 1864—79
650 651 756 711 etiarn
774 650 952 713 convictui
1037 670 1083 712 11.
1100 648 1190 713 Nov.
1213 654 1292 728 1814
1310 671 1376 714 nec
1394 671 1465 714 non
1488 650 1653 714 dimissus
1668 653 1771 718 litteris
1782 678 1818 720 ar·

123 772 279 856 praefuit
309 772 412 853 eique
441 771 613 833 industria
641 782 677 834 et
705 772 864 834 sollertia
888 793 952 836 sua
1033 771 1253 854 chiepiscopi
1269 771 1522 836 Olomucensis
1547 793 1592 835 ex
1614 773 1750 839 dioecesi
1765 799 1819 860 pro

122 914 289 976 magnum
307 894 562 956 incrementum
574 914 812 975 magnamque
830 895 952 957 existi·
1032 894 1120 975 pria,
1137 904 1275 957 vestem
1291 895 1500 977 religiosam
1517 916 1536 958 e
1553 896 1707 959 manibus
1717 901 1820 963 abbatis

122 1017 313 1080 mationem
327 1016 557 1097 compararit.
581 1016 658 1077 Hoc
675 1036 819 1078 munere
836 1036 875 1079 se
892 1019 953 1079 ab·
1033 1016 1143 1078 nostri
1174 1017 1370 1099 Augustini
1401 1016 1544 1100 accepit
1579 1017 1733 1081 Calendis
1757 998 1822 1084 Nou

122 1138 242 1201 dicare
260 1149 404 1200 coactus
418 1148 481 1211 est,
499 1157 578 1199 cum
596 1142 676 1216 1879
690 1139 904 1201 camerarius
917 1149 953 1201 et
1038 1142 1117 1214 1814
1135 1148 1171 1200 et
1186 1138 1312 1200 Victor
1327 1148 1479 1202 vocatus
1496 1141 1587 1202 duce
1602 1140 1642 1204 P.
1656 1138 1768 1222 Cyrillo
1780 1162 1821 1204 no-

122 1260 313 1322 vestiarius
329 1257 446 1321 factus
464 1270 568 1320 esset.
595 1258 762 1340 Scripsit:
1032 1260 1179 1321 vitiatus
1200 1280 1329 1322 annum
1352 1261 1489 1323 cunctis
1510 1263 1773 1343 approbantibus
1787 1265 1822 1326 sic

211 1387 232 1442 I.
256 1385 473 1461 Compendium
495 1385 548 1442 der
565 1385 748 1441 Geschichte
770 1385 823 1440 der
838 1386 954 1441 Mathe·
1033 1382 1225 1464 transegit,
1250 1392 1288 1445 ut
1312 1383 1381 1446 iarn
1406 1388 1457 1447 28.
1479 1382 1558 1447 Oct.
1584 1388 1661 1447 1815
1688 1383 1748 1447 fine
1765 1387 1823 1448 tiro

122 1490 280 1548 1111111111
298 1489 355 1544 den
372 1489 524 1545 Griechen
542 1490 599 1545 und
618 1489 758 1544 1111111111·
776 1486 846 1566 (he.
865 1489 953 1545 0⁰⁰¹·
992 1548 995 1605 ,
1034 1503 1126 1565 cinio
1158 1503 1322 1585 imposito
1353 1505 1548 1569 interiectis
1579 1507 1700 1588 paucis
1731 1508 1824 1570 diebus

123 1596 263 1673 pendium
277 1595 420 1650 historiae
434 1595 660 1650 mathematicae
677 1593 755 1670 apud
770 1594 907 1650 Graecos
924 1609 954 1650 et
1035 1623 1262 1707 Olomutium,
1275 1629 1439 1709 sequenti
1452 1648 1545 1691 anno
1555 1629 1706 1693 Brunam
1727 1632 1764 1693 ad
1773 1643 1824 1692 sm·

1708 1681 1716 1711 7

122 1699 508 1876 ZZZZZZSS'hZngmma
519 1718 598 1755 caes.
609 1718 672 1772 reg.
688 1718 823 1773 gymnas.
835 1697 953 1755 Senen-
1035 1746 1093 1808 dia
1106 1747 1310 1831 theologica
1324 1750 1533 1813 mitteretur.
1552 1751 1764 1814 Professores
1772 1753 1824 1814 eius

212 1909 249 1964 ΙΙ.
267 1907 484 1983 Compendium
503 1907 556 1963 der
572 1907 755 1963 Geschichte
772 1907 826 1962 der
840 1909 954 1964 Mathe·
993 1870 995 1933 1
1036 1867 1295 1952 Sondermann,
1321 1871 1538 1955 Powandra,
1568 1872 1825 1955 801111111111101111

124 2013 216 2070 matik
234 2015 271 2068 im
288 2011 461 2068 Illittelalter
483 2011 540 2066 und
564 2011 617 2067 der
633 2031 763 2067 neueren
780 2013 854 2067 Zeit.
879 2010 908 2089 (i.
928 2031 953 2068 e.
1035 1990 1202 2052 Wiesnes
1229 2002 1295 2054 etc·
1328 1993 1456 2057 litteris
1492 1995 1773 2058 1θ311Π10111ἃ1111115
1795 1997 1826 2056 ab

125 2117 341 2193 compendium
364 2117 507 2172 historiae
524 2115 753 2171 mathematicae
769 2119 877 2172 aetatis
894 2135 955 2172 me·
1035 2132 1128 2173 anno
1149 2116 1315 2193 1816-19
1337 2115 1431 2177 datis
1453 2116 1666 2180 unanimiter
1680 2126 1826 2195 testantur,

124 2221 238 2278 (11111111
255 2218 455 2297 111111110111)
473 2220 547 2277 111111·
570 2219 646 2293 11175
667 2235 696 2276 11
717 2219 805 2293 1871)·
1035 2234 1199 2297 clericum
1215 2236 1516 2318 Raigradiensem
1531 2239 1710 2302 Victorem
1722 2237 1828 2303 Scblos·

214 2348 435 2423 Schlossar
467 2359 618 2422 Victor
655 2360 955 2442 (Raigradien-
1035 2377 1095 2418 sar
1123 2377 1258 2420 summo
1286 2359 1404 2421 studio
1430 2360 1628 2442 disciplinis
1657 2361 1827 2443 theologicis

125 2479 210 2558 sis).
239 2478 346 2539 Anno
367 2483 446 2556 1793
467 2497 516 2540 20.
533 2478 606 2539 Ian.
626 2477 659 2538 in
678 2477 829 2540 ecclesia
852 2497 955 2558 paro·
1035 2478 1237 2540 incubuisse
1248 2491 1355 2561 atque
1366 2500 1432 2562 pro
1443 2482 1620 2564 dignitate
1629 2483 1828 2564 vixisse,quo

126 2600 231 2663 chiali
247 2598 507 2661 Drahotusensi
525 2598 560 2659 in
576 2598 736 2660 Moravia
759 2600 804 2661 ad
821 2619 848 2660 s.
865 2600 955 2662 Lau-
1036 2620 1111 2661 rum
1132 2601 1334 2663 testimonio
1357 2601 1470 2664 fretus
1493 2623 1632 2667 summo
1654 2605 1772 2688 gaudio
1787 2607 1827 2665 ab

125 2722 275 2785 rentium
286 2722 956 2784 ritusollemnimatrimoniuminierunt
994 2688 997 2713 1
1036 2721 1827 2803 basAugustinusaffectusV'ictoremCal.N01·.

127 2845 305 2908 Antonius
325 2844 418 2906 filius
440 2845 583 2906 loannis
606 2845 785 2926 agricolae
801 2844 956 2906 Klocks-
1042 2847 1119 2921 1817
1144 2844 1189 2905 ad
1206 2863 1342 2905 sacram
1360 2845 1623 2925 professionem
1640 2848 1828 2909 emittendam

128 2966 302 3046 doriensis
332 2979 368 3029 et
395 2967 555 3029 Barbara
582 2966 654 3028 filia
682 2966 827 3027 Martini
856 2965 956 3028 Czer-
1037 2965 1196 3027 decrerit
1213 2985 1364 3047 eumque
1384 2987 1479 3029 anno
1501 2981 1585 3049 post
1605 2978 1742 3032 tonsura
1759 2967 1828 3030 cleri·

127 3088 256 3169 nocky,
274 3107 343 3168 quo
361 3108 407 3149 ex
423 3087 645 3150 matrimonio
662 3099 870 3170 procreatus
887 3088 957 3168 pri·
995 3076 998 3103 '
1038 3086 1104 3148 cali
1122 3096 1157 3148 et
1174 3098 1325 3168 quatuor
1345 3088 1530 3152 ordinibus
1553 3090 1739 3154 minoribus
1752 3090 1829 3169 insig-

128 3210 329 3291 mogenitus
343 3229 435 3271 anno
453 3216 542 3292 1793,
554 3210 610 3271 18.
627 3209 705 3272 011.
723 3229 850 3272 nomen
863 3210 957 3271 Mar·
1037 3208 1135 3270 nivit.
1161 3209 1297 3290 Quibus
1315 3211 1442 3273 studiis
1465 3214 1677 3296 theologicis
1697 3210 1828 3276 absolutis

127 3331 221 3395 tinus
237 3331 387 3412 accepit.
413 3329 480 3411 Qui
504 3352 593 3412 puer
613 3352 705 3393 anno
727 3337 806 3409 1804
829 3332 956 3394 missus
1037 3351 1130 3393 anno
1151 3335 1230 3410 1819
1248 3336 1277 3394 5.
1295 3330 1394 3414 Sept.
1417 3336 1464 3396 ad
1486 3355 1512 3398 5.
1531 3338 1782 3420 presbyteratus
1793 3353 1829 3394 or·

126 3454 326 3534 Lipnicium
353 3454 504 3516 triennio
533 3455 666 3516 classes
691 3455 848 3516 trit'iales
874 3455 957 3517 emi·
1039 3453 1155 3514 dinem
1172 3453 1297 3516 Victor
1321 3467 1442 3517 noster
1462 3477 1530 3538 per
1554 3458 1752 3539 episcopum
1768 3457 1829 3518 Bru·

127 3577 225 3639 nenti
257 3597 335 3639 cum
367 3597 560 3659 progressu
587 3577 762 3658 percurrit
790 3588 825 3639 et
853 3578 956 3657 omni,
997 3560 999 3573 ¹
1037 3594 1182 3637 nensem
1212 3576 1247 3637 in
1275 3577 1428 3638 ecclesia
1457 3597 1483 3641 s.
1513 3578 1699 3642 Michaelis
1724 3579 1829 3640 Brunae

127 3720 218 3781 quae
246 3719 394 3761 necesse
423 3709 477 3762 est
505 3701 778 3781 praeparatione
802 3699 957 3761 imbutus
997 3724 998 3729 ¹
1037 3695 1103 3757 rite
1121 3707 1176 3758 est
1192 3708 1374 3777 promotus
1388 3708 1424 3761 et
1437 3699 1472 3760 in
1486 3700 1606 3780 patria
1619 3721 1681 3764 sua
1692 3700 1828 3762 Drahotu·

130 3827 207 3901 1807
226 3821 463 3883 Kremsirium
480 3821 578 3883 venit
592 3823 644 3888 ‚ad
661 3821 956 3902 frequentandum
996 3782 999 3873 1
1038 3818 1080 3880 sii
1104 3819 1277 3900 primitias
1303 3821 1510 3885 celebravit.
1543 3820 1700 3885 Obtento
1721 3823 1828 3884 decreto

995 3888 998 3965 l

125 4065 320 4128 sessoribus
342 4065 475 4128 ordinis
497 4066 695 4127 scholarum
717 4065 864 4145 piarum.
893 4063 957 4128 Se·
1038 4063 1127 4125 siam
1151 4063 1355 4146 Raigradii,
1380 4084 1474 4126 anno
1504 4070 1586 4129 1820
1608 4067 1830 4130 administrator

125 3945 350 4026 gymnasium
377 3955 401 4007 t.
427 3954 450 4005 t.
477 3944 618 4005 celebre
643 3944 853 4005 docentibus
877 3963 957 4025 pro·
1037 3940 1289 4003 iurisdictionis
1311 3962 1380 4023 qua
1402 3956 1618 4024 cooperator
1632 3964 1736 4026 penes
1750 3942 1829 4004 eccle

127 4189 248 4268 quenti
261 4199 422 4268 tempore
435 4207 548 4269 usque
561 4189 606 4249 ad
621 4192 698 4249 1812
714 4188 861 4249 solerter
874 4206 957 4268 ope·
1038 4185 1072 4246 in
1090 4185 1333 4265 spiritualibus
1351 4196 1386 4249 et
1403 4189 1664 4269 temporalibus
1679 4185 1829 4270 parochiae

130 4329 203 4371 ram
221 4310 367 4372 navarit
384 4310 558 4371 classibus
575 4309 902 4391 grammaticalibus
923 4319 958 4370 et
1040 4293 1331 4389 Slappanicensis
1363 4310 1614 4374 denominatus
1642 4312 1752 4392 ibique
1774 4307 1828 4389 plus

126 4431 401 4511 humanioribus,
419 4432 603 4493 absolutus
621 4452 641 4492 a
657 4451 774 4493 merce
787 4449 958 4511 praecep·
1038 4449 1108 4491 uno
1124 4449 1246 4491 mense
1260 4441 1497 4494 commoratus
1512 4444 1576 4496 est.
1594 4434 1739 4496 Domum
1748 4429 1829 4494 redur

127 4553 213 4613 toris
230 4554 275 4614 ad
292 4573 418 4635 preces
435 4552 556 4634 patriS,
575 4553 634 4633 qui
652 4553 686 4613 in
700 4573 834 4634 summa
847 4572 958 4635 penu·
1040 4572 1067 4614 2.
1085 4551 1174 4613 Nov.
1192 4551 1362 4633 magister
1378 4553 1603 4637 novitiorum,
1626 4565 1661 4618 et
1681 4572 1762 4618 anno
1774 4562 1828 4631 post

127 4675 177 4736 ria
204 4676 418 4738 constitutus
445 4695 510 4736 sex
532 4674 623 4737 filios
648 4675 872 4737 sustentandi
896 4676 957 4736 im·
1043 4692 1089 4733 11.
1107 4672 1196 4735 Nor.
1219 4680 1294 4735 1821
1316 4675 1531 4738 secretarius
1549 4679 1582 4741 d.
1600 4677 1734 4739 abbatis
1751 4683 1779 4735 et
1793 4687 1829 4730 ar·

127 4817 247 4878 parem
273 4819 311 4860 se
336 4798 542 4860 declaravit.
567 4798 745 4859 Absolute
768 4797 957 4880 gymnasio
995 4866 998 4873 ‚
1038 4796 1215 4858 chivarius
1227 4796 1411 4858 institutus
1423 4807 1488 4860 est.
1506 4798 1579 4861 Per
1594 4800 1741 4882 quinque
1751 4807 1829 4858 annos

129 4920 229 4981 annis
254 4924 422 4997 1813-14
444 4920 705 5000 philosophiam
729 4920 765 4981 in
789 4939 956 4982 caesareo
1038 4938 1160 4980 omnes
1196 4917 1390 4980 officiorum
1425 4920 1552 4982 horum
1593 4933 1710 5004 partes
1740 4912 1829 4980 sedulo

131 5041 229 5121 regio
247 5041 348 5122 lyceo
366 5040 593 5105 Olomucensi
610 5041 733 5103 didicit
754 5052 790 5103 et
805 5053 889 5103 tunc
906 5041 956 5102 vi·
1037 5041 1261 5120 adimplevit,
1290 5060 1398 5120 quum
1427 5064 1456 5119 4.
1480 5041 1571 5107 Dec.
1605 5047 1682 5106 1828
1708 5037 1830 5104 absoluto

129 5159 218 5239 ginti
234 5182 346 5223 annos
364 5174 468 5224 natus
493 5164 538 5222 ad
559 5175 715 5224 nostrum
739 5164 871 5243 suscipi
896 5182 957 5243 pe·
995 5142 997 5217 i
1037 5163 1076 5225 Ρ.
1095 5161 1221 5224 Carolo
1243 5183 1264 5224 a
1286 5162 1516 5243 praefectura
1540 5167 1678 5229 culinae
1692 5165 1728 5228 P.
1742 5161 1829 5223 Victor

130 5279 185 5341 tiit
208 5284 468 5345 monasterium.
503 5282 659 5347 Obtenta
683 5287 837 5365 desuper
860 5304 956 5346 more
995 5262 998 5269 ’
1037 5284 1072 5345 in
1097 5284 1172 5345 eius
1200 5285 1314 5345 locum
1339 5284 1513 5349 suffectus
1538 5289 1596 5351 sit.
1620 5289 1686 5351 Die
1709 5277 1828 5362 24.N01‘·

132 5400 233 5462 solito
254 5423 274 5462 a
297 5403 471 5484 gubernio
488 5402 670 5469 Moraviae
694 5407 836 5469 licentia
861 5407 955 5467 ddt0.
1043 5410 1117 5466 1831
1144 5407 1177 5468 in
1200 5406 1393 5468 residentia
1415 5418 1541 5472 nostra
1558 5408 1727 5474 Brunensi
1744 5413 1829 5482 suprt·
