4034 6262
820 506 1077 577 ..43-

120 692 195 758 culi
212 691 403 754 doloribus
423 691 586 755 toleratis
609 691 698 754 obiit
722 696 773 753 23.
798 690 903 754 Mart.

126 835 171 893 0,
190 811 416 896 professione
438 823 475 877 et
495 813 697 879 sacerdotio
717 812 904 876 iubilaeus.

164 957 183 1013 l.
202 956 262 1013 Der
281 956 323 1013 hl.
346 957 513 1033 Rupertus.
539 953 569 1034 (i.
586 975 613 1014 e.
634 956 681 1013 De
703 975 728 1013 s.
745 951 905 1033 Ruperto.)

120 1079 268 1136 rgrarnma
280 1060 349 1117 Ter
362 1062 469 1130 Purus,
486 1061 516 1118 d.
533 1063 551 1119 i.
568 1063 617 1118 ein
633 1060 737 1129 kelch,
756 1062 804 1117 ein
820 1059 905 1117 Hell-

120 1214 124 1222 .
167 1165 410 1222 Heililiessender
440 1165 549 1223 Felsen
580 1164 696 1222 Horeb.
728 1160 905 1243 (Lobrede.)

120 1288 175 1326 en.
193 1283 281 1342 1710.
298 1276 343 1342 4⁰.
361 1288 392 1346 p.
412 1285 463 1342 24.

164 1390 196 1447 ll.
218 1390 381 1466 Predigten
405 1391 460 1448 auf
480 1391 544 1447 drei
567 1390 718 1466 goldenen
739 1388 904 1464 Sambstag

120 1494 182 1552 end
200 1507 276 1568 1732
295 1496 324 1550 in
340 1495 437 1551 Maria
453 1494 545 1551 Plain.
567 1491 597 1573 (i.
615 1514 641 1551 e.
658 1494 830 1551 Conciones
846 1512 902 1570 pro

120 1617 172 1655 1115
179 1597 310 1656 sabbatis
320 1618 344 1656 s.
354 1599 384 1655 d.
394 1594 516 1676 aureis.)
524 1597 725 1673 Abgedruckt
735 1599 777 1654 in:
788 1597 904 1655 Ueber·

120 1716 171 1760 ate
192 1701 289 1760 Arche
312 1704 368 1760 des
394 1703 523 1759 Bundes.
552 1700 710 1776 Salzburg.
740 1716 831 1776 1733.
855 1707 901 1776 4⁰.

120 1804 174 1880 56.

163 1928 209 1984 lll.
225 1928 288 1985 Das
304 1927 411 1985 Leben
427 1927 487 1983 und
500 1926 548 1983 die
560 1926 764 2002 brinneyirige
778 1927 902 2001 Tugen·

120 2049 132 2086 1
151 2031 200 2089 des
214 2031 407 2107 Gottseligen
423 2031 566 2088 Heinrich
579 2032 692 2088 Mariae
704 2032 832 2089 Boudon
847 2031 902 2090 der

120 2136 204 2193 ’chen
225 2157 260 2193 zu
281 2137 404 2193 Eureux
427 2135 797 2192 Gross·Ertz·Dechant.
821 2133 851 2215 (1.
873 2155 899 2193 e.

120 2256 147 2294 a
168 2253 194 2296 et
211 2242 336 2297 virtutes
360 2239 441 2297 beati
463 2240 584 2296 Henrici
606 2239 733 2296 Boudon
752 2240 901 2297 archidia-

120 2345 148 2399 :ri
164 2345 302 2401 ecclesiae
319 2340 579 2422 Eburovicensis.)
599 2343 664 2399 Aus
684 2343 751 2400 dem
769 2345 900 2402 Franzd·

120 2447 202 2506 chen.
217 2448 392 2524 Augsburg.
409 2446 503 2505 Wolf.
524 2447 615 2521 1738.
632 2454 675 2523 4⁰.
693 2467 722 2524 p.
742 2448 814 2522 264.
856 2460 859 2468 '

167 2628 306 2706 chmel
336 2641 534 2706 Iacobus
563 2644 902 2726 (Bievnoveno-

120 2760 351 2841 raunensis),
376 2759 703 2843 Reginaehradecii
725 2762 761 2826 in
786 2765 903 2828 Bohe-

120 2876 155 2940 ia
167 2880 217 2943 die
233 2886 283 2945 26.
301 2879 381 2944 Oct.
408 2901 486 2961 1727
509 2893 625 2965 natus,
645 2885 805 2949 habitum
822 2907 849 2950 5.
867 2909 901 2971 p.

120 3004 258 3068 enedicti
274 3004 467 3068 Bievnovii
484 3005 608 3089 induit,
625 3018 662 3071 et
678 3029 704 3072 1.
717 3008 805 3073 Maii
821 3015 901 3090 1748

120 3126 348 3190 ›tasollemnia
356 3127 483 3191 emisit.
491 3128 680 3192 Absolutis
691 3130 727 3193 in
739 3131 902 3196 instituto

121 3250 276 3325 onasterii
297 3249 425 3313 studiis
449 3259 524 3313 tum
546 3251 804 3336 philosophicis
828 3264 903 3318 tum

120 3369 282 3453 reologicis
299 3371 356 3434 die
370 3375 400 3434 6.
414 3371 493 3435 Oct.
511 3377 591 3452 1754
604 3376 795 3458 presbyter
810 3377 902 3440 ordi·

120 3495 185 3553 itus
197 3503 256 3557 est.
277 3493 497 3556 Professoris
513 3495 715 3578 theologiae
727 3518 854 3562 munus
866 3499 902 3562 in

120 3616 286 3679 tonasterio
313 3617 467 3699 adeptus
495 3636 609 3699 eoque
637 3620 758 3700 plures
788 3641 901 3685 annos

120 3736 221 3817 aregio
235 3758 315 3801 cum
331 3758 500 3802 successu
515 3738 660 3803 functus
681 3740 799 3804 officia
819 3746 902 3806 sub-

120 3849 344 3942 tiorisPolicii,
354 3861 482 3944 prioris
493 3861 686 3926 Bievnovii
695 3866 901 3949 etcollegae

120 3980 246 4046 Γ11511115
265 3983 448 4047 facultatis
464 3985 689 4068 theologicae
709 3986 745 4049 in
762 3987 902 4051 univer-

120 4096 184 4162 tate
194 4102 356 4188 Pragena
372 4125 451 4169 cum
463 4106 569 4170 laude
582 4107 701 4190 subiit,
714 4109 828 4172 donec
841 4110 902 4172 de·

120 4226 198 4288 beto
225 4229 358 4290 abbate
389 4227 573 4311 Stephano
605 4231 651 4292 ad
683 4230 901 4294 abbatialem

120 4347 219 4411 'ectus
231 4359 286 4412 est
299 4350 511 4432 dignitatem
524 4371 617 4414 anno
634 4354 724 4431 1786.
741 4352 901 4416 Tandem

120 4469 136 4512 θ
151 4484 200 4533 21.
212 4469 290 4535 Oct.
308 4476 399 4554 1805,
417 4473 601 4555 professus
617 4484 653 4536 et
666 4475 835 4538 sacerdos
850 4475 902 4538 iu-

120 4569 214 4674 latus,
228 4594 289 4677 pia
303 4605 417 4659 morte
434 4596 616 4659 terrestria
633 4598 809 4679 deposuit.

159 4744 300 4833 Scripta
315 4752 519 4835 divulgavit
533 4753 636 4817 haec:

159 4904 184 4965 l.
202 4911 247 4969 De
262 4912 365 4970 0111010
381 4914 510 4971 hominis
527 4932 600 4988 erga
613 4915 719 4972 Deum.
737 4915 902 4972 'l‘ractatus

120 5002 386 5088 t’logico-ethicus.
403 5017 472 5074 Vol.
485 5038 534 5075 un.
551 5024 593 5091 4⁰.
611 5038 641 5094 p.
656 5017 727 5076 262.
744 5018 902 5093 Augustae

120 5104 215 5178 *delia
226 5136 313 5180 sumt.
324 5121 470 5179 Matthaei
484 5122 597 5197 Rieger
607 5122 794 5199 bibliopolae
810 5122 901 5197 1765.

162 5236 358 5302 11.Vindiciae
370 5242 491 5300 concilii
500 5261 616 5303 oecum.
628 5245 690 5323 VL,
701 5246 787 5320 queis
799 5246 903 5319 aequi-

126 5344 168 5395 et
179 5350 283 5407 veritas
298 5364 453 5406 censurae
468 5346 622 5422 synodalis
638 5347 785 5404 adversus
798 5349 904 5405 Hono·

120 5443 149 5490 '¹
165 5446 185 5504 l.
194 5450 223 5508 P.
234 5426 265 5512 P.
279 5452 484 5525 eiusdemque
499 5450 538 5506 ad
550 5448 689 5526 Sergium
702 5452 903 5529 patriarcham

984 693 1043 750 CP.
1061 694 1207 770 epistolas
1227 694 1410 769 postliminio
1428 695 1625 752 vindicantur.
1649 696 1820 753 Praemissa

985 797 1197 855 dissertatione
1214 798 1359 855 historica
1373 798 1411 855 de
1427 802 1544 874 origine
1560 800 1696 857 haeresis
1712 819 1819 857 mono·

985 902 1164 959 thelitarum.
1189 902 1258 960 Vol.
1280 921 1329 958 un.
1355 901 1396 960 8⁰.
1425 920 1455 978 p.
1480 901 1553 977 484.
1580 905 1708 978 pragae,
1730 919 1817 962 surnt.

985 1008 1130 1063 Feliciani
1146 1007 1303 1081 Mangoldt
1319 1020 1349 1063 et
1365 1006 1425 1064 11111.

1070 1129 1126 1186 lIl.
1142 1127 1296 1205 Apologia
1311 1129 1470 1203 singularis
1487 1130 1676 1187 orthodoxae
1693 1133 1820 1189 catholi-

986 1252 1101 1308 caeque
1122 1233 1278 1289 doctrinae
1294 1232 1331 1289 de
1349 1232 1453 1289 morali
1479 1233 1606 1291 hominis
1630 1237 1817 1311 impotentia,

986 1337 1059 1393 solis
1076 1350 1201 1394 naturae
1217 1338 1339 1393 vitiatae
1355 1335 1469 1394 viribus
1486 1338 1626 1395 servandi
1647 1338 1744 1413 legem
1761 1341 1818 1396 Dei

985 1441 1159 1498 naturalem.
1176 1441 1325 1499 Volumen
1341 1460 1389 1498 un.
1404 1439 1446 1498 8⁰.
1464 1460 1493 1516 p.
1507 1439 1580 1512 326.
1597 1442 1724 1516 Pragae‚
1742 1443 1820 1500 litte·

985 1546 1027 1601 ris
1042 1546 1198 1602 Francisci
1216 1544 1388 1601 Gerzabek.
1410 1543 1502 1619 1787.

1070 1708 1261 1784 Christen
1292 1719 1541 1784 Ambrosius
1570 1722 1814 1807 (Murensis),

981 1839 1027 1899 ab
1044 1836 1179 1901 Ursern
1195 1838 1231 1901 in
1248 1838 1356 1902 Uran.
1371 1840 1561 1904 Helvetiae
1574 1841 1632 1904 die
1646 1846 1696 1905 25.
1706 1843 1813 1908 Febr.

985 1962 1064 2022 1805
1078 1970 1193 2042 natus
1206 1961 1390 2025 Lucernae
1402 1963 1529 2026 studiis
1543 1983 1688 2046 operam
1701 1966 1811 2030 dedit.

981 2081 1150 2146 Ordinem
1164 2102 1190 2144 s.
1200 2082 1241 2145 B.
1255 2083 1437 2167 ingressus
1450 2085 1496 2146 ad
1509 2086 1714 2149 sollemnem
1729 2108 1812 2170 pro-

979 2204 1171 2268 fessionem
1195 2204 1371 2268 admissus
1391 2216 1447 2268 est
1469 2205 1526 2269 die
1555 2228 1580 2270 1.
1600 2206 1688 2269 Maii
1718 2212 1811 2273 1825.

980 2327 1158 2390 Ascendit
1174 2328 1221 2390 ad
1232 2327 1470 2390 sacerdotium
1483 2328 1540 2390 die
1555 2333 1602 2392 15.
1614 2329 1709 2413 Aug.
1724 2336 1804 2411 1829

981 2450 1102 2512 Antea
1132 2451 1379 2532 subparochus
1409 2449 1587 2512 Murensis
1619 2461 1655 2514 et
1688 2463 1817 2534 postea

986 2575 1152 2650 1841-45
1170 2581 1288 2635 rector
1304 2571 1447 2655 collegii
1463 2570 1652 2636 Samensis
1667 2586 1815 2638 secutus

983 2703 1038 2756 est
1058 2694 1226 2755 abbatem
1247 2692 1282 2755 in
1302 2711 1432 2755 novum
1458 2693 1672 2756 domicilium
1693 2693 1812 2758 Griesi

983 2817 1184 2896 abeuntem,
1205 2814 1326 2897 ibique
1350 2834 1494 2877 munere
1516 2816 1757 2897 cooperatoris
1779 2827 1817 2880 et

983 2937 1179 3019 subprioris
1195 2939 1287 3000 bene
1303 2937 1447 3001 functus
1462 2938 1679 3001 obdormivit
1695 2939 1731 3001 in
1743 2940 1817 3002 Do-

982 3059 1078 3122 mino
1095 3060 1152 3123 die
1170 3080 1198 3139 7.
1215 3060 1289 3123 Ian.
1311 3063 1401 3139 1854.

1070 3205 1196 3261 Praeter
1211 3203 1327 3280 aliquot
1340 3222 1497 3260 sermones
1509 3217 1613 3260 extant
1625 3207 1709 3261 varia
1722 3208 1818 3281 ipsius

982 3315 1124 3396 poemata
1144 3310 1173 3364 in
1195 3306 1280 3364 lestis
1300 3305 1407 3364 diebus
1428 3305 1581 3375 abbatum,
1605 3311 1713 3384 partim
1736 3313 1817 3387 typis

982 3409 1173 3468 Murensibus
1189 3411 1269 3468 edita
1290 3409 1467 3483 1832—39.
1488 3414 1597 3487 partim
1619 3432 1673 3470 ms.
1696 3414 1724 3468 in
1741 3412 1815 3471 bibl.

982 3515 1187 3573 Muto-Gries.
1203 3515 1279 3572 Cod.
1301 3531 1326 3573 1.
1346 3515 1400 3589 78;
1419 3530 1448 3572 2.
1470 3530 1539 3587 114.

1069 3680 1259 3756 Chvoian
1285 3692 1528 3757 Theodorus
1550 3696 1814 3777 (Emautinus

981 3809 1392 3892 Montserratensis),
1421 3813 1601 3878 Bohemus
1627 3815 1815 3878 Kraslovi·

982 3932 1108 4013 0011515,
1136 3942 1241 3995 natus
1272 3937 1367 4013 1839,
1395 3934 1579 4016 professus
1611 3941 1706 4017 1862,
1734 3956 1814 4018 pre-

982 4056 1106 4137 sbyter
1129 4055 1313 4118 ordinatus
1337 4061 1427 4140 1863,
1444 4058 1627 4140 professor
1644 4059 1814 4122 historiae

982 4185 1019 4238 et
1029 4176 1283 4260 geographiae,
1296 4179 1440 4263 linguae
1450 4180 1666 4245 Bohemicae
1680 4192 1716 4243 et
1725 4178 1814 4243 Ger-

981 4298 1142 4361 manicae
1163 4298 1199 4361 in
1223 4301 1410 4383 gymnasio
1432 4301 1814 4365 Benedictin0·Emau·

980 4420 1056 4483 tino
1066 4419 1277 4483 Klattoviae
1290 4423 1468 4502 emeritus,
1481 4423 1672 4505 parochiae
1686 4424 1813 4486 Emau·

981 4541 1078 4605 tinae
1095 4539 1292 4605 Tiebesicii
1309 4544 1583 4608 administrator.

1068 4687 1166 4763 Typis
1182 4687 1275 4743 edidit
1290 4688 1378 4744 valde
1396 4688 1497 4744 utilem
1514 4688 1645 4746 libellum
1662 4688 1699 4745 de
1712 4687 1814 4747 verbis

982 4790 1170 4848 Germanicis
1195 4789 1416 4865 inregularibus
1440 4791 1529 4848 modo
1553 4792 1812 4850 mnemotechnico

981 4894 1171 4952 addiscendis
1193 4913 1259 4950 curn
1280 4896 1372 4951 variis
1394 4895 1534 4971 loquendi
1556 4896 1691 4953 formulis
1712 4896 1813 4970 lingua

981 4999 1152 5067 Bohemica,
1168 4997 1240 5055 bina
1255 4999 1313 5054 ianr
1330 5001 1397 5056 vice
1412 4999 1536 5068 editum,
1552 5001 1670 5074 Pragae
1686 5002 1813 5075 proprio

981 5116 1101 5179 sumptu
1122 5102 1212 5176 1879,
1229 5104 1280 5177 qui
1296 5101 1415 5161 libellus
1431 5122 1487 5180 pro
1504 5104 1617 5161 scholis
1637 5123 1703 5160 cunr
1724 5103 1812 5160 laude

982 5219 1029 5264 est
1044 5206 1268 5264 commendatus
1285 5220 1315 5264 et
1331 5210 1556 5284 inscriptionem
1572 5207 1678 5265 habet:

1068 5344 1220 5402 Nemecklr
1241 5313 1412 5405 ¹das'oslova
1440 5345 1656 5423 nepravidelna
1678 5363 1812 5401 mnemo-

982 5449 1141 5523 technicky
1162 5446 1328 5523 uspolt'tdal
1348 5470 1367 5508 a
1389 5451 1514 5510 1151011111
1539 5448 1648 5527 opatiil
1664 5447 1812 5505 Theodor

1550 5551 1585 5598 6*
