4088 6270
657 1890 1272 2018 PROOEMIUM.

225 2448 313 2569 iam
343 2498 424 2570 fere
450 2521 547 2589 1400
566 2499 651 2570 anni
671 2515 768 2586 sunt,
798 2526 931 2572 cums.
953 2500 1182 2572 Benedictus
1202 2498 1410 2572 occidentis
1430 2499 1701 2571 monachorum
1721 2516 1833 2596 pater

95 2687 130 2741 et
157 2671 385 2765 patriarcha,
415 2696 514 2743 anno
545 2678 621 2763 080
648 2673 812 2745 Nursiae
841 2673 874 2745 in
904 2673 1009 2746 ltalia
1038 2689 1149 2745 natus
1178 2673 1348 2744 ordinem
1377 2672 1582 2760 constituit,
1612 2672 1675 2767 qui
1704 2675 1754 2745 ab
1783 2697 1831 2746 eo

93 2843 423 2916 Benedictinorum
451 2871 587 2918 nomen
616 2847 777 2942 accepit.
822 2847 896 2938 Qui
925 2850 1021 2919 ordo
1051 2847 1157 2919 brevi
1182 2860 1288 2918 tanta
1308 2846 1537 2919 incrementa
1557 2846 1669 2941 cepit,
1699 2861 1740 2918 ut
1764 2872 1833 2941 per

92 3034 212 3087 totum
241 3016 322 3088 fere
351 3032 534 3089 terrarum
563 3022 694 3091 orbem
723 3034 963 3115 propagatus
992 3021 1107 3090 multa
1136 3019 1234 3092 milia
1266 3020 1455 3093 hominum
1489 3020 1683 3114 utriusque
1716 3043 1832 3090 sexus

92 3191 425 3285 complecteretur,
461 3191 523 3286 qui
551 3195 601 3263 ad
630 3191 749 3287 patris
786 3192 842 3263 sui
878 3194 1051 3287 regulam
1086 3206 1125 3264 et
1159 3208 1369 3288 praecepta
1400 3193 1515 3265 vitam
1550 3192 1757 3288 dirigentes
1794 3205 1833 3262 et

93 3389 183 3435 suae
214 3379 253 3435 et
281 3364 440 3436 aliorum
468 3366 580 3437 saluti
607 3365 794 3438 humanae
823 3380 938 3460 atque
967 3380 1150 3437 aeternae
1183 3365 1384 3437 salubriter
1411 3366 1682 3438 consuluerunt
1708 3389 1755 3436 ac
1783 3366 1832 3436 de

92 3537 289 3631 republica
318 3537 518 3610 christiana
546 3564 620 3611 non
650 3538 769 3611 minus
797 3564 909 3633 quam
939 3542 987 3610 de
1017 3539 1120 3610 cultu
1147 3540 1311 3611 humano
1337 3539 1479 3634 optime
1505 3538 1625 3612 meriti
1650 3553 1746 3610 sunt.
1785 3539 1830 3623 Is,

92 3710 263 3804 quamvis
292 3725 507 3805 temporum
535 3711 828 3796 calamitatibus,
866 3710 1081 3797 discordiiS,
1116 3710 1383 3783 certaminibus
1416 3737 1491 3783 non
1520 3712 1638 3784 semel
1665 3711 1835 3806 graviter

92 3908 303 3955 concussus
333 3897 448 3968 esset,
478 3899 603 3956 tamen
633 3909 753 3956 novas
777 3909 929 3979 semper
954 3884 1057 3979 cepit
1080 3884 1181 3957 vires
1200 3886 1402 3980 laetosque
1422 3885 1565 3957 fructus
1585 3884 1678 3970 tulit,
1708 3910 1833 3978 neque

91 4055 126 4126 in
154 4081 202 4127 eo
224 4080 400 4150 ‚unquam
429 4055 495 4128 viri
524 4057 725 4130 defuerunt
753 4057 918 4154 ingenui,
948 4058 1011 4152 qui
1041 4083 1216 4154 magnam
1244 4058 1397 4153 pietatis
1417 4074 1456 4131 et
1475 4058 1671 4130 doctrinae
1695 4058 1833 4130 famam

90 4233 205 4325 longe
234 4231 392 4323 lateque
422 4229 694 4302 diffundebant.
750 4234 798 4302 Et
825 4256 899 4303 non
929 4256 1071 4326 parvus
1100 4247 1159 4304 est
1186 4257 1363 4304 numerus
1391 4257 1541 4318 eorum,
1571 4231 1633 4326 qui
1661 4231 1697 4302 in
1725 4230 1834 4302 huius

90 4403 232 4474 ordinis
260 4402 500 4475 monasteriis
528 4402 752 4475 conformati
781 4403 962 4500 dignique
983 4415 1069 4476 sunt
1088 4404 1227 4490 effecti,
1256 4406 1371 4476 modo
1392 4403 1455 4498 qui
1479 4428 1662 4476 summam
1681 4429 1710 4476 s.
1730 4403 1833 4475 Petri

89 4578 223 4647 sedem
252 4578 572 4662 conscenderent,
606 4579 722 4648 modo
756 4577 819 4671 qui
847 4577 1107 4663 cardinalium,
1141 4577 1532 4672 archiepiscoporum,
1567 4576 1833 4671 episcoporum

88 4751 281 4846 dignitate
312 4749 435 4821 ornati
463 4751 608 4845 populo
637 4750 839 4822 christiano
868 4766 1103 4846 praeessent.

222 4925 299 4995 lam
328 4947 435 5008 ver0‚
465 4948 578 5017 quam
608 4924 848 4996 laudabiliter
876 4949 899 4996 a
927 4917 1053 5019 primis
1082 4923 1247 4997 exordiis
1276 4927 1327 4996 ad
1354 4939 1521 4996 nostram
1549 4947 1673 5016 usque
1693 4949 1833 4997 memo-

86 5099 180 5170 riam
221 5096 256 5167 in
295 5094 428 5167 animis
465 5098 514 5168 ad
551 5096 734 5191 pietatem
772 5098 1052 5170 conformandis
1089 5112 1127 5169 et
1164 5097 1315 5193 optimis
1348 5097 1492 5168 artibus
1520 5096 1692 5169 colendis
1721 5121 1833 5169 occu-

84 5286 204 5368 patus
234 5268 362 5354 fuerit,
391 5293 438 5340 ne
468 5269 491 5339 ii
520 5269 673 5364 quidem
693 5271 875 5356 homines
906 5270 969 5364 qui
997 5286 1170 5342 naturam
1189 5269 1292 5342 vitae
1320 5269 1555 5342 monasticae
1584 5294 1659 5341 non
1689 5295 1833 5365 cogno-

84 5460 237 5530 verunt,
277 5444 341 5515 vel
374 5445 471 5517 male
509 5444 637 5517 edocti
675 5444 709 5516 ei
748 5447 1015 5531 adversantur,
1051 5459 1206 5540 negant.
1262 5444 1348 5514 Hos
1380 5441 1476 5513 enim
1512 5443 1721 5514 monachos
1758 5467 1832 5514 non

1591 5577 1607 5609 8
