4034 6262
723 509 1006 581 ..529-

124 728 153 763 m
169 707 206 763 ad
220 705 384 762 studiosam
402 706 585 759 iuventutem
598 703 711 776 pietate
724 713 754 755 et
766 701 826 754 vir·
865 706 869 802 1

124 807 473 868 tollendam“.-Ueber
487 805 685 862 denEinssuss
700 803 754 859 des
771 803 826 858 alt-

124 917 183 972 :hen
205 914 361 970 Studiums
386 912 439 968 1111
460 908 745 984 religios-sittliche
769 906 827 962 Bil-

124 1039 159 1076 er
184 1018 377 1075 studirenden
403 1015 530 1092 Jugend.
562 1015 741 1087 Programm
771 1010 827 1066 des

124 1126 208 1179 siums
234 1143 269 1177 zu
294 1122 415 1177 Klattau
445 1118 534 1190 1853.
565 1117 704 1182 Klattau‚
735 1113 825 1186 1853.

124 1249 139 1284 1.
155 1228 275 1283 Emaut.
293 1229 389 1282 minor
404 1226 471 1280 XII.
493 1239 518 1279 1.
536 1237 566 1294 3.

124 1339 274 1412 echner
310 1347 544 1408 Norbertus
584 1340 829 1425 (Lamberti-

124 1475 218 1528 ratus
236 1475 290 1527 est
303 1465 338 1526 in
350 1462 540 1525 Trofaiach
553 1459 697 1542 Styriae
708 1463 737 1520 6.
750 1457 828 1521 Oct.

124 1585 266 1650 Sacrum
282 1585 416 1647 ordinis
429 1581 655 1646 Benedictini
670 1579 830 1642 habitum

123 1720 150 1779 7.
161 1698 262 1780 Sept.
276 1703 354 1776 1872
368 1697 402 1758 in
411 1695 625 1758 monasterio
639 1693 831 1756 111111111-

124 1821 189 1883 1111
206 1819 337 1902 Styria,
360 1819 421 1880 ubi
443 1828 530 1880 vota
555 1816 729 1898 simplicia
751 1833 831 1896 pro-

137 1952 192 2005 est
215 1943 340 2003 eodem
365 1940 422 2001 die
443 1938 626 2019 sequentis
648 1937 739 2016 anni,
763 1936 832 1997 sol-

124 2114 128 2125 .
144 2083 231 2126 vero
250 2084 299 2141 29.
318 2060 417 2142 Sept.
440 2065 530 2142 1876,
548 2070 749 2140 postquam,
770 2059 832 2118 ab·

146 2185 275 2247 studiis
299 2181 510 2264 theologicis
533 2180 663 2262 partim
685 2181 721 2241 in
737 2178 831 2241 univ.

124 2307 196 2369 ensi
221 2306 350 2387 partim
375 2304 411 2367 in
435 2303 650 2365 monasterio
675 2302 832 2364 Admon-

132 2429 203 2490 iam
226 2436 335 2489 antea
363 2428 425 2508 (17.
451 2425 536 2504 Apr.
563 2423 655 2504 1876)
681 2423 832 2505 primum

124 2549 313 2614 acrificium
333 2548 448 2610 laudis
471 2546 599 2610 obtulit
622 2546 658 2607 in
682 2544 832 2607 ecclesia

124 2662 339 2725 monasterii.
364 2661 503 2723 Exinde
516 2659 677 2741 fungitur
688 2676 832 2719 munere

124 2784 261 2847 :hecarii
274 2784 310 2846 in
323 2781 548 2844 monasterio.
570 2782 629 2843 Ab
642 2799 734 2841 anno
752 2784 830 2857 1877

124 2927 145 2968 ÷r
167 2916 363 2985 occupatur
386 2924 456 2985 qua
478 2903 650 2984 magister
672 2901 709 2963 in
732 2920 834 2983 gym-

132 3029 273 3109 privato
305 3025 510 3088 monasterii
535 3023 767 3105 Lambertini,
798 3030 835 3084 et

126 3149 326 3211 raefectura
340 3146 524 3209 convictus
541 3145 609 3227 ipsi
626 3146 756 3207 collata
769 3153 833 3206 est.

124 3272 199 3353 ypis
217 3270 330 3332 dedit:

124 3415 148 3451 11
179 3395 364 3451 Geschichte
396 3394 449 3449 der
480 3391 774 3448 Franzoseneinfalle
806 3394 835 3447 in

124 3499 187 3555 tark
204 3502 256 3554 mit
272 3497 461 3554 besonderer
479 3496 646 3552 Riicksicht
662 3495 716 3551 aus
724 3497 835 3552 Maria·

141 3622 167 3659 e.
189 3603 235 3658 De
257 3601 465 3658 invasionibus
482 3599 789 3656 Franco-Gallorum
807 3602 836 3656 in

124 3727 132 3762 1
150 3726 215 3763 cum
234 3706 358 3782 speciali
376 3717 516 3779 respectu
538 3704 574 3759 ad
596 3706 750 3778 regionem
767 3705 835 3761 Cel-

124 3808 138 3889 l
154 3809 186 3866 S.
205 3809 388 3866 Steirischer
404 3807 658 3872 Volkskalender,
682 3825 710 3881 9.
731 3808 834 3883 Jahrg.

124 3913 207 3987 2879.
229 3920 272 3986 4⁰.
295 3932 324 3988 p.
343 3912 481 3984 53—64.
506 3912 575 3987 Ipse
600 3929 732 3986 quoque,
758 3929 836 3986 quae

124 4019 217 4073 erium
249 4015 476 4073 Lambertinum
509 4028 651 4089 tangunt,
683 4017 835 4090 praesenti

124 4121 150 4177 le
174 4120 426 4198 scriptoribus‘0.
450 4140 474 4175 S.
493 4121 525 4175 B.
551 4121 667 4194 imperii
684 4118 835 4175 Austriaci

125 4336 253 4431 iegler
268 4348 530 4408 Adalbertus
545 4344 836 4424 (Cremifanen-

124 4475 223 4527 tntea
243 4464 405 4544 IoanneS,
430 4462 643 4524 Austriacus
668 4460 837 4524 Cremifa-

125 4635 134 4667 ,
152 4587 209 4647 die
224 4605 274 4648 20.
285 4585 372 4665 Apr.
387 4589 466 4662 1845
478 4594 592 4664 natuS,
606 4583 724 4644 studia
736 4603 837 4664 gym-

124 4707 154 4769 ia
171 4705 371 4786 Cremifani,
393 4704 596 4785 theologica
617 4703 653 4765 in
674 4702 836 4764 instituto

124 4828 203 4890 itico
220 4830 265 4889 ad
282 4847 309 4890 s.
322 4826 479 4888 Floriani
495 4824 658 4906 absolvit,
676 4844 703 4888 s.
713 4824 837 4885 habitu

124 4969 152 5010 is
176 4972 206 5026 4.
224 4947 324 5029 Sept.
346 4952 437 5028 1803,
461 4944 679 5008 sollemniter
702 4944 838 5026 profes·

124 5069 154 5130 ie
183 5073 211 5133 5.
238 5067 338 5150 Sept.
367 5072 457 5148 1867,
487 5067 670 5129 ordinatus
698 5071 749 5129 26.
774 5066 837 5128 Iul.

128 5194 292 5268 1868-71
306 5189 494 5250 adiunctus
508 5186 697 5249 archivarii
709 5197 745 5249 et
759 5191 839 5265 1870

124 5330 233 5392 empus
258 5310 420 5390 provisor
444 5310 479 5370 in
500 5318 618 5370 monte
642 5328 669 5372 s.
689 5309 840 5389 Magda-

124 5456 126 5500 ;
160 5437 324 5511 1871—73
354 5431 389 5491 in
418 5431 512 5493 univ.
529 5430 684 5492 Vindob.
713 5429 840 5492 studiis

906 691 1158 775 geographicis
1175 701 1211 753 et
1226 689 1402 752 historicis
1424 709 1490 750 nec
1511 707 1580 749 non
1600 687 1735 749 littera-

906 835 983 877 rum
1000 813 1292 876 Germanicarum
1308 811 1460 890 vacavit,
1479 812 1524 871 ab
1542 830 1633 871 anno
1655 814 1735 887 1874

907 957 936 999 c.
952 956 978 998 r.
1000 935 1179 1018 gymnasii
1202 932 1382 1015 professor
1407 940 1443 994 et
1466 934 1512 993 ab
1537 951 1629 993 anno
1656 935 1735 1009 1875

908 1057 1012 1119 simul
1027 1056 1063 1117 in
1079 1055 1245 1117 convictu
1261 1053 1475 1136 praefectus.

994 1179 1105 1240 Extat
1123 1177 1198 1239 eius
1216 1176 1434 1238 dissertatio:

996 1305 1054 1360 Die
1070 1303 1229 1379 politische
1242 1300 1325 1358 Seite
1341 1302 1396 1357 der
1409 1302 1583 1374 Regierung
1599 1301 1652 1355 des
1666 1303 1738 1356 Kai-

910 1427 975 1465 sers
992 1406 1135 1464 Claudius
1148 1407 1169 1462 1.
1188 1409 1239 1461 mit
1252 1405 1351 1461 Kritik
1367 1405 1421 1461 der
1433 1404 1561 1472 Quellen
1575 1405 1634 1460 und
1645 1404 1711 1459 Hilf
1725 1436 1738 1447 -

910 1512 1013 1568 mittel.
1032 1508 1061 1588 (i.
1072 1530 1097 1568 e.
1112 1511 1277 1585 Regiminis
1290 1508 1406 1565 Claudii
1424 1510 1446 1564 l.
1464 1511 1654 1583 imperatoris
1667 1528 1738 1582 pars

911 1619 1033 1694 politica
1046 1629 1076 1672 et
1089 1616 1184 1672 civilis
1199 1635 1265 1671 cum
1279 1616 1385 1670 critica
1395 1610 1542 1691 sontium.)
1559 1614 1633 1669 Pars
1646 1617 1738 1688 prior.

911 1720 1262 1795 Gymnasialprogramm
1278 1717 1368 1791 1879.
1385 1719 1469 1784 Linz,
1484 1718 1588 1773 Druck
1603 1718 1655 1773 der
1669 1719 1697 1773 k.
1710 1720 1738 1773 k.

912 1823 1215 1880 Hoibuchdruckerei
1233 1841 1292 1879 von
1304 1823 1329 1898 J.
1344 1823 1553 1896 Feichtingers
1566 1822 1677 1878 Erben.
1697 1822 1738 1879 8⁰.
1820 1827 1826 1855 '

912 1943 950 2002 52
962 1948 991 2004 p.
1001 1928 1113 2001 Verlag
1123 1928 1176 1983 der
1185 1928 1350 1983 Direction.
1364 1927 1438 1982 Pars
1447 1928 1551 1994 altera,
1563 1927 1633 1983 ibid.
1649 1926 1739 1983 1880.

912 2033 994 2089 ldem
1010 2033 1132 2106 scripsit
1148 2032 1249 2107 plures
1266 2033 1460 2086 recensiones
1482 2030 1625 2087 librorum
1647 2032 1741 2086 histo-

913 2139 1058 2203 ricorum,
1084 2155 1159 2210 quas
1181 2135 1248 2191 vide
1273 2137 1302 2190 in
1326 2134 1533 2210 ephemeride:
1566 2135 1741 2205 „Litterari-

912 2242 1002 2297 sches
1018 2239 1249 2298 Centralblatt“.

998 2387 1159 2482 Ziegler
1178 2396 1410 2479 Gregorius
1427 2397 1603 2460 Thomas
1623 2399 1741 2480 (Wib·

912 2515 1146 2597 lingensis),
1163 2516 1198 2577 in
1215 2515 1350 2595 oppido
1367 2512 1520 2577 Sueviae
1533 2514 1741 2577 Kirchheim

913 2638 970 2700 die
989 2658 1016 2717 7.
1033 2638 1137 2701 Mart.
1159 2656 1239 2715 1770
1261 2645 1377 2717 1111113,
1402 2636 1459 2697 die
1484 2640 1534 2699 26.
1552 2637 1640 2716 Apr.
1662 2657 1737 2715 1791

913 2761 948 2822 111
968 2759 1200 2822 celeberrimo
1221 2758 1435 2821 monasterio
1453 2757 1661 2840 Wiblingen
1683 2781 1743 2821 an-

913 2881 1053 2945 terioris
1069 2881 1238 2944 Austriae
1254 2880 1415 2962 regulam
1432 2901 1458 2942 s.
1472 2880 1659 2942 Benedicti
1675 2885 1744 2944 sol-

912 3005 1075 3067 lemniter
1092 3002 1275 3084 professus
1293 3011 1329 3064 et
1345 3002 1402 3063 die
1420 3005 1470 3063 25.
1486 3001 1572 3064 Maii
1593 3008 1672 3080 1793
1690 3024 1745 3065 sa-

914 3125 1086 3189 cerdotali
1101 3124 1277 3207 dignitate
1290 3135 1415 3186 auctus
1429 3133 1493 3187 est.
1517 3124 1587 3186 Per
1603 3137 1743 3206 septem

915 3267 1027 3310 annos
1043 3246 1169 3328 poesin
1186 3255 1222 3308 et
1237 3245 1394 3327 linguam
1408 3244 1581 3307 Graecam
1599 3247 1746 3309 iuvenes

915 3369 1045 3449 docuit,
1063 3369 1214 3451 primum
1231 3367 1266 3428 in
1283 3367 1361 3448 ipso
1374 3368 1598 3448 monasteri0,
1617 3369 1745 3430 deinde

916 3490 1157 3570 Constantiae,
1183 3488 1337 3568 denique
1353 3487 1382 3549 F
1385 3487 1521 3569 riburgi
1545 3488 1579 3549 in
1601 3488 1746 3570 Brisgo-

916 3612 984 3674 via.
1016 3610 1220 3692 Suppresso
1250 3609 1465 3671 monasterio
1493 3621 1529 3670 et
1559 3610 1747 3690 repudiata

916 3733 1121 3814 professura
1148 3732 1184 3793 in
1211 3741 1306 3793 terra
1334 3731 1451 3812 patria
1479 3750 1558 3792 cum
1585 3731 1747 3812 pluribus

913 3855 1083 3917 fratribus
1096 3854 1279 3935 Tynecum
1296 3853 1331 3914 in
1348 3852 1497 3914 Polonia
1514 3852 1620 3913 situm
1637 3853 1746 3913 demi·
1832 3851 1836 3857 '

913 3975 1042 4058 gravit,
1059 3973 1121 4036 ubi
1136 3974 1172 4036 in
1184 3973 1330 4054 antiquo
1347 3973 1481 4035 ordinis
1499 3974 1611 4035 nostri
1627 3994 1747 4035 mona-

914 4096 1023 4159 sterio
1039 4096 1161 4157 sedem
1182 4093 1271 4176 fixit,
1294 4095 1357 4155 sed
1375 4095 1495 4175 paullo
1511 4105 1594 4176 post
1616 4097 1747 4157 adven-

916 4228 990 4281 tum
1015 4217 1166 4279 docendi
1189 4236 1316 4277 munus
1342 4216 1378 4278 in
1405 4217 1499 4280 univ.
1521 4215 1749 4279 Cracoviensi

916 4339 1123 4421 auspicatus
1151 4348 1215 4402 est.
1248 4337 1335 4401 Cum
1360 4357 1445 4400 vero
1467 4336 1639 4401 Cracovia
1663 4342 1748 4402 urbs

916 4459 1130 4523 Austriacae
1147 4460 1291 4522 ditionis
1305 4479 1385 4522 esse
1399 4459 1576 4542 desiisset,
1593 4461 1629 4522 in
1644 4461 1747 4543 lyceo

917 4581 1094 4643 Linciensi
1121 4581 1291 4644 historiae
1319 4582 1584 4644 ecclesiasticae
1611 4583 1748 4663 profes-

917 4722 1035 4764 suram
1048 4702 1210 4766 obtinuit.
1223 4702 1367 4784 Postea,
1380 4713 1420 4765 ut
1431 4703 1647 4785 theologiam
1662 4706 1749 4786 dog-

918 4824 1083 4886 maticam
1100 4825 1254 4905 doceret,
1272 4826 1317 4887 ad
1334 4825 1602 4887 universitatem
1614 4825 1749 4887 Vindo-

917 4948 1113 5009 bonensem
1134 4948 1337 5029 translatus,
1362 4967 1456 5009 anno
1471 4967 1557 5009 vero
1578 4952 1656 5009 1822
1675 4948 1749 5028 epi-

918 5086 1049 5147 scopus
1065 5067 1319 5130 Tarnoviensis
1335 5068 1544 5150 designatus
1566 5079 1601 5130 et
1622 5068 1679 5129 die
1699 5090 1748 5147 29.

918 5187 993 5251 Iun.
1012 5187 1171 5250 eiusdem
1187 5188 1516 5252 anniVindobonae
1533 5190 1750 5252 sollemniter

920 5319 1047 5372 unctus
1064 5320 1100 5372 et
1116 5319 1345 5399 consecratus
1361 5320 1426 5372 est.
1451 5312 1557 5373 Anno
1578 5315 1656 5389 1827
1676 5311 1749 5391 epi-

920 5450 1050 5513 scopus
1073 5432 1270 5495 Linciensis
1290 5432 1492 5496 nominatus
1517 5434 1573 5496 die
1598 5455 1626 5512 9.
1650 5432 1750 5513 Sept.

1495 5540 1526 5601 ⁶7
