4034 6262
134 101 398 175 nitidioribus
419 103 519 185 typis
541 113 575 167 et
591 105 705 168 omnis
719 107 863 188 generis
882 106 1004 170 fonnis
1084 105 1219 187 Keller,
1236 104 1398 188 Ignatius
1410 106 1523 187 Kopp
1539 107 1680 190 aliique,
1697 107 1828 189 quibus
1843 129 1916 172 mo-

138 225 279 315 quasi
292 244 422 288 novam
438 224 533 288 fecit.
556 226 625 289 Tot
641 234 677 289 et
693 227 802 291 tantis
822 227 1004 292 litterariis
1082 227 1229 291 nasterii
1250 227 1436 291 dissolutio
1450 228 1704 322 impedimento
1720 239 1807 312 erat,
1831 250 1916 312 quo·

139 347 339 418 subsidiis
354 347 493 429 muniti,
515 348 760 413 exhortatione
781 360 818 414 et
837 353 1003 433 exemplo
1082 349 1197 413 minus
1220 359 1426 431 susceptum
1452 369 1543 433 opus
1568 351 1745 434 integrum
1767 351 1915 434 perfice-

143 469 316 540 abbatis
343 470 504 552 excitati,
531 479 568 533 et
593 490 659 533 sua
685 481 814 554 sponte
841 473 1004 537 monachi
1081 481 1170 538 rent.
1195 470 1362 534 Ceterum
1380 474 1471 536 adeo
1493 472 1530 535 in
1547 473 1623 535 dies
1646 473 1796 537 increvit
1819 473 1914 537 fama

145 591 422 663 San-Blasiani
444 594 491 655 ad
505 592 701 656 litterarum
722 596 841 658 studia
861 615 900 658 se
921 616 1004 659 con·
1082 594 1191 658 studii
1210 594 1409 658 litterarum
1423 594 1459 657 in
1476 595 1559 658 divo
1575 595 1707 678 Blasio,
1729 604 1768 659 ut
1787 616 1809 658 a
1833 615 1914 659 con·

148 715 345 795 ferebant,
362 713 399 776 in
412 714 700 795 quibusmultum
712 716 950 799 profecerunt,
967 718 1003 780 id
1042 720 1044 819 7
1082 717 1293 800 gregatione
1313 717 1664 781 Benedicto-burana
1684 718 1865 800 professor
1886 738 1913 783 s.

155 838 275 922 quod
285 837 435 917 publicis
449 837 553 900 editis
565 840 801 902 monumentis
813 840 1004 903 contestati
1041 830 1044 869 ³
1082 841 1280 921 scripturae
1297 850 1332 903 et
1344 840 1544 923 linguarum
1557 840 1778 904 orientalium
1791 850 1914 922 postu-

157 969 271 1025 sunt.
297 957 355 1021 Sic
379 958 602 1041 Trudpertus
625 961 801 1044 Neugart,
826 972 865 1024 ut
887 982 1003 1025 sacer·
1041 978 1044 1045 ξ
1081 962 1228 1035 laretur;
1245 972 1281 1024 et
1296 963 1379 1025 illuc
1396 963 1484 1025 abiit
1497 963 1537 1025 P.
1552 963 1773 1026 Aemilianus
1786 961 1914 1025 Usser-

161 1081 314 1146 dotibus
328 1081 363 1142 in
379 1083 492 1143 ardua
507 1083 598 1145 adeo
619 1083 926 1146 administratione
947 1104 1002 1146 sa·
1041 1048 1044 1165 7
1082 1105 1198 1165 mann,
1219 1086 1369 1165 posthac
1386 1084 1569 1166 professor
1588 1085 1832 1148 universitatis
1849 1081 1915 1147 Sa·

167 1202 340 1266 eramenti
372 1204 616 1284 poenitentiae
647 1224 806 1269 normam
833 1208 1001 1289 traderet,
1040 1176 1043 1233 A
1080 1206 1328 1288 lisburgensis:
1345 1206 1560 1289 Friburgum
1573 1208 1738 1270 abierunt
1749 1207 1789 1269 P.
1800 1206 1914 1268 Trud-

174 1343 284 1406 quam
297 1344 417 1387 secure
434 1335 678 1409 sequerentur,
700 1347 791 1409 opus
807 1349 900 1391 anno
921 1334 1000 1408 1706
1080 1338 1204 1410 pertus
1219 1328 1392 1411 Neugart,
1415 1329 1597 1411 professor
1617 1349 1643 1391 s
1661 1329 1859 1410 scripturae
1878 1335 1914 1389 et

176 1446 364 1530 Rotomagi
396 1447 544 1530 editum,
583 1450 701 1512 multis
733 1436 1042 1513 adcessionibus!
1039 1450 1278 1532 linguarum
1292 1449 1528 1524 orientalium;
1542 1451 1914 1514 BertholdusRottler

184 1576 324 1651 auctum,
340 1578 376 1632 et
393 1571 541 1632 eruditis
557 1572 650 1634 notis
668 1572 892 1635 inlustratum
908 1593 1000 1636 anno
1039 1592 1041 1635 ι
1079 1534 1261 1654 professor
1288 1574 1552 1656 diplomaticae,
1582 1573 1851 1635 numismaticae
1876 1581 1913 1634 et

189 1694 264 1767 1787
278 1694 368 1772 prelo
381 1694 546 1757 submisit
559 1697 626 1757 sub
639 1696 755 1758 titulo:
772 1696 943 1759 Doctrina
956 1698 1000 1758 de
1079 1696 1280 1758 heraldicae
1282 1706 1457 1778 ,uterque
1474 1696 1509 1758 in
1524 1696 1765 1775 universitate,
1784 1694 1911 1756 Ansel·

187 1824 390 1878 sacramento
407 1816 650 1896 poenitentiae
665 1817 733 1880 rite
753 1818 1000 1881 administran·
1080 1839 1157 1881 mus
1174 1819 1268 1881 Buss
1284 1817 1466 1900 professor
1482 1837 1635 1900 poeseos
1656 1818 1691 1879 in
1713 1816 1911 1899 gymnasio.

189 1929 234 1993 do.
252 1931 453 2000 Franciscus
464 1939 640 2001 Kreutter
654 1940 837 2002 historiam
849 1940 1000 2003 anterio·
1079 1941 1214 2003 Eadem
1230 1941 1325 2003 fama
1341 1941 1476 2003 inducti
1492 1943 1653 2021 abbateS,
1675 1939 1726 2002 uti
1742 1960 1769 2002 s,
1786 1937 1911 2020 Magni

187 2047 223 2109 ris
236 2054 394 2122 Austriae
412 2060 449 2123 in
467 2079 568 2123 usum
581 2064 778 2125 scholarum
796 2084 841 2125 ex
854 2064 1000 2126 authen·
1080 2066 1126 2126 ad
1147 2064 1286 2126 Fauces
1303 2063 1420 2145 IuliaS,
1443 2062 1748 2143 Campidonensis,
1773 2069 1810 2124 et
1835 2061 1910 2124 ord.

186 2167 254 2234 ticis
277 2182 496 2246 documentis
523 2185 698 2266 haustam,
727 2195 763 2248 et
789 2185 1000 2248 Vincentius
1038 2160 1042 2285 7
1080 2186 1367 2249 Cisterciensium
1379 2205 1462 2248 suos
1475 2185 1622 2248 clericos
1633 2185 1716 2247 illuc
1728 2184 1910 2263 miserunt,

133 2342 138 2349 ·
183 2285 266 2371 ngr
291 2306 558 2369 observationes
582 2308 617 2369 in
641 2309 785 2371 saecula
809 2308 1000 2370 christiana
1039 2294 1042 2411 7
1079 2318 1119 2372 ut
1142 2312 1208 2371 sub
1233 2309 1389 2392 egregiis
1415 2307 1677 2391 professoribus
1700 2306 1819 2369 studio
1846 2306 1911 2368 lin-

182 2412 281 2485 edidit
297 2426 330 2489 in
345 2447 448 2490 usum
465 2428 648 2511 utriusque
665 2430 748 2492 cleri
770 2430 942 2512 regularis
963 2442 999 2492 et
1079 2451 1228 2513 guarum
1252 2431 1484 2512 orientalium,
1509 2430 1711 2512 theologiae
1735 2429 1911 2511 dogmati·

179 2547 373 2630 saeculatis,
401 2559 438 2612 et
465 2551 672 2630 posterioris
701 2573 807 2634 quam
834 2553 998 2634 maxime,
1080 2573 1144 2616 cae
1160 2564 1196 2617 et
1212 2553 1363 2636 moralis,
1389 2562 1426 2615 et
1445 2552 1531 2615 iuris
1553 2552 1713 2615 canonici
1729 2560 1909 2633 vacarent,
1991 2598 1993 2602 a

177 2656 225 2730 qui
242 2661 281 2729 in
297 2672 424 2734 scholis
440 2672 653 2754 theologicis
670 2675 714 2735 de
732 2674 929 2756 disciplina,
950 2676 998 2737 le·
1079 2684 1116 2739 et
1130 2676 1301 2739 miserunt
1316 2675 1471 2738 iuniores
1487 2684 1619 2758 patreS,
1636 2674 1696 2755 qui
1709 2674 1827 2737 studia
1839 2673 1910 2735 iam

175 2773 274 2851 gibus
301 2803 335 2855 et
357 2793 515 2856 moribus
542 2795 711 2876 antiquae
739 2798 913 2859 ecclesiae
937 2798 999 2859 vix
1079 2799 1321 2879 absolverant,
1353 2808 1392 2861 ut
1424 2797 1614 2878 ampliores
1640 2796 1801 2859 facerent
1829 2815 1911 2876 pro-

176 2894 304 2984 ahquid
318 2927 565 2997 perceperant.
597 2915 684 2980 Cum
706 2921 797 2981 bene
818 2919 997 3001 sciverint,
1078 2940 1223 3003 gressus
1239 2921 1274 2983 in
1290 2921 1427 3003 litteris,
1444 2931 1480 2983 et
1495 2921 1667 2983 rationem
1681 2920 1910 2981 adornandae

174 3018 369 3099 abbatem
360 3058 431 3100 ram
459 3039 519 3101 diu
547 3040 707 3122 cogitare
735 3042 780 3103 de
808 3034 1040 3104 Germania
1079 3044 1327 3126 bibliothecae,
1350 3044 1547 3107 instruendi
1562 3042 1697 3105 archivi
1714 3052 1749 3104 et
1764 3041 1909 3122 legendi

175 3154 271 3214 saera
293 3159 445 3240 edenda,
467 3159 529 3220 vix
545 3160 614 3224 dici
631 3170 761 3244 potest,
779 3174 912 3243 quanta
922 3165 999 3226 lae
1079 3167 1273 3248 diplomata
1288 3167 1526 3228 addiscerent

176 3258 249 3330 titia
276 3281 427 3343 animum
451 3282 576 3363 optimi
600 3285 712 3364 patris
739 3284 923 3349 affecerint
948 3287 999 3349 di-
1037 3282 1041 3423 7
1164 3288 1325 3351 Praesuli
1352 3297 1406 3350 tot
1433 3287 1551 3368 plagis
1583 3285 1746 3348 fortunae
1774 3283 1908 3346 afflicto

176 3379 252 3454 lecti
274 3399 344 3484 filii,
364 3423 446 3466 cum
471 3403 560 3466 die
552 3406 664 3486 rpsius
688 3407 838 3470 nominis
857 3392 1041 3492 festivo,i
1037 3419 1333 3521 :praepotentes
1350 3410 1453 3473 amici
1473 3418 1509 3471 et
1527 3407 1686 3470 fautores
1701 3406 1801 3468 multi
1818 3405 1909 3467 sola-

180 3503 229 3570 ffie
256 3537 302 3585 11.
326 3524 416 3588 Nov.
445 3531 541 3609 1783,
568 3529 660 3591 ultro
687 3549 727 3591 se
755 3529 924 3594 offerrent
952 3534 998 3594 ad
1078 3532 1128 3594 tio
1152 3542 1266 3614 erant,
1299 3552 1388 3614 quos
1413 3536 1485 3594 Deo
1509 3530 1662 3613 propitio
1689 3540 1815 3592 nactus
1841 3538 1906 3591 est.

183 3624 264 3701 hanc
291 3648 558 3729 episcopatuum
579 3648 793 3715 Germaniae
816 3654 1040 3743 historiam
1079 3656 1175 3718 Ante
1203 3675 1324 3718 omnes
1356 3654 1576 3736 praeeminet
1606 3661 1760 3734 augusta
1793 3651 1908 3712 Maria

188 3748 358 3841 dihgenter
377 3771 614 3834 scribendam
645 3774 732 3837 Mox
756 3776 887 3856 primas
913 3797 1040 3891 ope-5¹
1037 3768 1250 3840 'Theresia
1250 3796 1361 3860 quae
1374 3796 1453 3858 1ps1
1467 3774 1906 3858 saepissimenegotiorum

190 3868 229 3935 13⁸
249 3883 352 3953 lineas
381 3892 600 3977 designavit,
628 3895 768 3959 labores
796 3909 832 3960 et
856 3919 913 3961 res
936 3919 998 3981 ge·
1079 3921 1187 3963 eausa
1203 3899 1419 3962 audientiam
1442 3897 1637 3980 quaerenti,
1657 3896 1797 3959 facilem
1819 3916 1906 3977 prae

126 4098 129 4103 7
195 4006 301 4073 tendas
321 4014 471 4097 singulis
493 4016 674 4081 distribuit
678 4019 847 4101 a,liquos
870 4022 997 4085 litteris
1036 4022 1336 4153 ipotentioribus
1367 4021 1474 4083 etiarn
1501 4021 1688 4082 adcessum
1719 4029 1755 4080 et
1785 4037 1906 4079 aurem

124 4146 134 4271 ’7
199 4134 489 4199 ο0111111611116ῐίϊίὶ6Ι
480 4147 672 4202 mstructos
688 4141 882 4224 ablegavit,
904 4153 942 4206 ut
961 4144 1038 4206 in
1036 4120 1251 4249 {praebuit
1279 4152 1422 4223 praeter
1444 4142 1589 4224 negotia
1612 4143 1658 4203 de
1682 4140 1802 4202 multis
1829 4139 1907 4201 aliis

124 4276 133 4348 71
201 4240 393 4321 blbliothecis
429 4267 466 4321 et
495 4261 649 4323 archivis
685 4263 803 4344 operis
839 4254 1039 4328 subsidia·
1076 4267 1193 4347 rebus,
1210 4265 1462 4336 ecclesiasticis
1478 4283 1619 4346 quoque
1635 4261 1855 4325 familiariter
1872 4271 1908 4323 et

203 4387 394 4462 quaererent,
422 4383 508 4446 nulli
537 4384 667 4467 labori,
696 4386 799 4448 nullis
822 4388 997 4450 sumtibus
1036 4368 1039 4467 7
1077 4387 1189 4450 amice
1210 4388 1242 4449 ei
1259 4387 1445 4469 collocuta,
1466 4390 1657 4449 abeuntem
1680 4383 1847 4467 pretiosis
1871 4393 1907 4446 et

199 4512 320 4576 parcens
349 4506 395 4567 ad
425 4505 585 4568 laborem
617 4526 759 4569 suorum
793 4509 996 4575 iuvandum.
1036 4546 1039 4691 7
1076 4509 1186 4592 regiis
1207 4511 1313 4591 plane
1334 4509 1447 4591 donis,
1467 4510 1606 4570 duobus
1627 4508 1760 4590 quippe
1784 4516 1907 4584 pecto-

196 4616 373 4689 Coniunctis
385 4626 522 4690 viribus
538 4647 630 4709 opus
644 4627 807 4693 fecerunt
819 4630 997 4712 Trudper·
1077 4631 1218 4712 talibus,
1243 4638 1369 4692 ornatu
1393 4629 1599 4711 pontificali,
1623 4639 1661 4692 ut
1684 4635 1829 4705 vocant,
1855 4627 1907 4688 lu·

187 4756 237 4811 tus
250 4743 410 4832 Neugart,
428 4749 651 4812 Aemilianus
668 4750 898 4835 Ussermann,
911 4753 997 4815 Arn-
1036 4796 1039 4849 7
1076 4753 1182 4835 gubri
1202 4751 1346 4834 propria
1366 4772 1472 4815 manu
1488 4762 1600 4833 text0,
1621 4750 1718 4813 vasis
1737 4746 1908 4811 fictilibus

183 4866 308 4934 orosius
326 4869 517 4954 Eichhorn,
539 4871 732 4934 Anselmus
751 4873 855 4955 BusS,
872 4874 998 4936 Victor
1036 4852 1039 4939 ἱ
1076 4875 1195 4937 sinicis
1225 4873 1388 4936 Viennae
1419 4874 1610 4938 artificiose
1645 4867 1837 4935 elaboratis
1873 4881 1910 4934 et
