4034 6262
966 515 1007 524 -
1052 479 1144 541 XIV
1190 516 1230 525 -

231 705 266 768 in
289 703 408 785 Stiria,
433 723 459 766 s.
478 702 581 765 Pauli
591 705 624 785 ¹),
648 703 902 784 Milstatium2),
926 702 1231 765 Arnoldsteinium
1241 704 1265 784 ³)
1290 703 1326 766 in
1350 702 1541 785 Carinthia,
1565 705 1594 766 F
1596 704 1751 767 iechtum
1760 707 1797 787 ⁴),
1820 705 1970 768 Mariae·

230 851 435 904 montanum
445 842 479 922 5),
504 840 745 922 Tridentum⁶)
771 841 805 902 in
829 840 949 904 Tiroli.

361 980 412 1042 Ut
434 999 527 1042 nova
551 980 601 1042 ita
625 981 731 1042 etiam
747 990 871 1043 vetera
894 980 1270 1043 monasteriamunere
1286 981 1354 1044 sibi
1371 982 1491 1045 delato
1509 982 1699 1065 diligenter
1714 982 1967 1066 fungebantur.

228 1121 338 1182 Velut
360 1120 523 1183 monachi
547 1119 842 1203 Salisburgenses
857 1119 1029 1182 Friderici
1046 1120 1304 1203 archiepiscopi
1322 1122 1517 1202 (958—990)
1542 1119 1715 1184 beneficio
1738 1121 1868 1185 florere
1893 1141 1970 1184 coe-

229 1269 369 1342 perunt.
414 1260 483 1322 Hic
508 1279 658 1342 magnus
681 1260 744 1342 vir,
770 1270 960 1341 postquam
984 1259 1019 1322 in
1043 1261 1185 1322 domum
1208 1279 1323 1341 paene
1341 1260 1520 1323 desertam
1537 1280 1649 1323 novos
1665 1261 1801 1325 incolas
1818 1261 1968 1342 induxit,

230 1399 406 1481 dignitate
430 1398 601 1460 abbatiali
626 1401 672 1460 ab
697 1397 903 1480 episcopali,
929 1418 1021 1479 quae
1038 1418 1084 1460 ex
1101 1407 1261 1480 tempore
1278 1419 1305 1462 s,
1323 1399 1478 1480 Ruperti
1496 1400 1706 1463 coniunctae
1731 1411 1842 1482 erant,
1867 1420 1969 1482 sepa-

229 1549 309 1601 rata
333 1538 497 1600 Titonem
520 1538 764 1620 praepositum
789 1539 962 1601 ecclesiae
987 1558 1073 1600 suae
1097 1539 1312 1601 cathedralis
1340 1538 1509 1602 fratribus
1537 1539 1722 1619 praefecit.
1768 1541 1893 1621 Atque
1922 1539 1970 1602 ita

231 1677 377 1759 antiqua
400 1678 488 1740 haec
513 1676 621 1758 stirps
645 1677 777 1740 ordinis
800 1678 902 1740 brevi
924 1688 1085 1759 tempore
1109 1688 1210 1741 tanta
1233 1678 1452 1741 incrementa
1475 1679 1580 1760 cepit,
1605 1687 1644 1740 ut
1661 1697 1740 1740 cum
1755 1677 1839 1742 Tito
1855 1679 1968 1740 abbas

230 1836 248 1878 e
272 1817 347 1879 vita
372 1817 563 1878 excederet
588 1818 707 1896 (1005),
732 1816 893 1878 monachi
917 1835 986 1878 non
1010 1816 1125 1878 minus
1142 1817 1379 1899 quadraginta
1402 1837 1492 1879 unus
1514 1827 1644 1897 essent,
1669 1816 1704 1878 in
1722 1816 1852 1896 quibus
1869 1837 1967 1880 mens

229 1965 266 2017 et
289 1955 343 2018 vis
368 1975 394 2017 s.
420 1953 608 2017 Benedicti
633 1954 802 2038 spirabat.
841 1955 919 2018 Hac
944 1966 1061 2019 mente
1085 1956 1211 2018 imbuti
1234 1954 1362 2018 fratres
1387 1965 1549 2035 tempora
1572 1957 1792 2036 turbulenta,
1818 1976 1911 2037 quae
1933 1958 1968 2020 in

228 2094 316 2157 rixis
340 2094 431 2157 inter
455 2095 642 2158 ecclesiam
670 2105 707 2158 et
729 2095 915 2179 imperium
948 2096 1135 2159 concitatis
1163 2092 1310 2178 propter
1340 2095 1446 2157 fidem
1479 2116 1614 2158 summo
1645 2094 1850 2177 pontificia
1875 2095 1969 2160 Geb-

228 2236 338 2297 hardo
363 2246 399 2297 et
422 2234 616 2297 Thiemone
640 2235 919 2317 archiepiscopis
943 2246 1122 2298 servatam
1146 2235 1267 2298 —hic
1292 2235 1384 2297 enim
1414 2244 1519 2296 antea
1548 2236 1661 2297 abbas
1693 2236 1738 2296 ad
1770 2255 1797 2298 s.
1822 2236 1968 2300 Petrum

228 2373 354 2455 fuerat,
379 2411 421 2420 -
445 2371 655 2455 Salisburgo
678 2372 904 2456 ingruebant,
926 2372 1067 2436 fortiter
1096 2383 1133 2436 et
1161 2383 1367 2436 constanter
1390 2373 1622 2454 pertulerunt.
1659 2374 1815 2437 ·Thiemo
1845 2377 1968 2456 abbas,

228 2532 306 2574 cum
331 2513 536 2593 Bertholdo,
562 2511 622 2592 qui
645 2511 991 2594 archiepiscopatum
1015 2512 1082 2574 sibi
1107 2515 1309 2595 arrogabat,
1332 2511 1438 2575 fidem
1455 2513 1662 2593 promittere
1680 2515 1909 2597 detrectaret,
1934 2527 1967 2577 et

228 2671 307 2714 cum
332 2652 404 2714 suis
427 2651 608 2714 monachis
633 2662 838 2714 constanter
861 2672 1005 2715 causam
1022 2650 1206 2715 Gebhardi
1222 2652 1372 2734 legitimi
1396 2653 1572 2733 praesulis
1596 2653 1712 2732 patria
1728 2654 1824 2734 pulsi
1840 2673 1965 2735 seque-

227 2800 334 2871 retur,
358 2791 585 2872 Hirsaugiam
604 2791 797 2873 confugere
813 2800 959 2854 coactus
977 2801 1041 2872 est,
1066 2790 1126 2853 ubi
1150 2791 1358 2853 societatem
1375 2790 1739 2871 coniunctionemque,
1765 2810 1858 2872 quae
1879 2792 1969 2856 inter

227 2931 294 2992 hoc
319 2938 354 2992 et
378 2948 404 2992 S.
428 2929 526 2992 Petri
550 2929 802 2992 monasterium
826 2940 912 3012 erat,
936 2930 1133 2994 renovavit.
1173 2929 1356 3010 Similiter,
1389 2950 1467 2991 cum
1496 2927 1688 2991 Gebhardo
1720 2939 1861 2992 mortuo
1890 2932 1965 3013 ipse

228 3068 516 3150 archiepiscopus
539 3079 680 3130 creatus
702 3078 807 3150 esset,
830 3066 983 3132 fideliter
1003 3070 1111 3131 rebus
1133 3067 1307 3130 ecclesiae
1329 3069 1497 3130 studebat
1516 3086 1633 3148 neque
1655 3078 1716 3130 aut
1733 3068 1886 3132 vinculis
1907 3082 1965 3132 aut

228 3206 499 3269 comminatione
522 3207 645 3269 mortis
673 3228 694 3269 a
723 3208 924 3271 constantia
955 3228 1019 3270 sua
1051 3209 1307 3270 deterrebatur.
1355 3207 1515 3269 Eandem
1545 3206 1652 3269 animi
1682 3209 1965 3291 magnitudinem

228 3345 335 3408 etiam
359 3345 520 3407 monachi
544 3366 629 3426 prae
654 3366 692 3409 se
717 3347 880 3409 ferebant
895 3348 928 3428 7).

228 3522 290 3530 μ...-

358 3631 378 3712 ι)
402 3635 616 3691 Monasterium
645 3635 853 3712 Sanpaulense
884 3633 923 3690 ab
954 3634 1142 3710 Engelberto
1166 3635 1203 3690 ΙΙ.
1239 3637 1349 3691 comite
1379 3629 1417 3691 de
1448 3632 1631 3710 Spannheim
1663 3636 1818 3692 conditum
1852 3640 1963 3712 primos

226 3749 390 3804 monachos
414 3746 452 3803 ab
476 3749 639 3823 Hirsaugia
661 3751 780 3825 accepit
802 3767 857 3824 per
880 3746 1000 3804 beatum
1024 3747 1214 3804 Guilielmum
1239 3747 1388 3816 abbatem,
1414 3750 1465 3822 qui
1490 3747 1677 3804 Wezilonem
1709 3768 1776 3805 cum
1806 3750 1962 3807 duodecim

224 3861 379 3916 monachis
408 3874 483 3934 1091
512 3880 549 3917 eo
573 3863 661 3917 misit.

353 3986 375 4066 2)
398 3991 571 4047 Milstatium
595 3990 748 4048 Salvatori
773 3990 871 4047 mundi
897 4002 1105 4048 consecratum
1128 3990 1167 4048 ab
1191 3988 1315 4046 Arbone
1340 3992 1449 4046 comite
1472 3990 1608 4047 Palatino
1630 3991 1778 4048 Bavariae
1807 4007 1891 4049 1100
1907 3996 1961 4050 cir·

223 4104 298 4159 citer
322 4102 473 4159 conditum
497 4116 552 4159 est.
592 4106 708 4161 Primos
733 4104 847 4160 incolas
871 4123 908 4160 ex
932 4105 1115 4160 monasterio
1136 4102 1463 4160 Altahensi·lnferiore
1487 4105 1645 4179 accepisse
1669 4104 1789 4162 dicitur.
1826 4106 1961 4163 Ankers·

222 4215 321 4282 hosen,
347 4213 531 4272 Geschichte
554 4236 614 4274 von
639 4218 784 4285 Karmen,
809 4218 846 4274 ll.
871 4232 900 4274 2.

350 4345 373 4424 ³)
398 4345 653 4402 Arnoldsteinium
678 4345 864 4420 s.,Georgi0
889 4345 1058 4402 dedicatum
1087 4359 1165 4419 1107
1191 4345 1230 4403 ab
1254 4346 1368 4402 Ottone
1392 4348 1540 4421 episcopo
1564 4344 1782 4421 Bambergensi
1807 4349 1958 4405 conditum

221 4473 276 4515 est.
317 4460 405 4515 Primi
430 4459 566 4514 monachi
591 4478 628 4514 ex
653 4460 835 4514 monasterio
860 4478 884 4514 s.
908 4458 1064 4514 Michaelis
1089 4458 1304 4533 bambergensi
1329 4460 1448 4514 venisse
1472 4459 1618 4515 dicuntur.
1651 4459 1869 4517 Ankershosen
1893 4462 1910 4517 l.
1936 4480 1960 4517 c.

351 4585 373 4667 ⁴)
397 4589 532 4645 Fichtum
556 4602 607 4644 aut
631 4606 716 4644 mons
740 4607 764 4644 s.
783 4587 910 4662 Georgii
935 4587 1088 4644 conditum
1111 4602 1158 4645 est
1174 4609 1190 4645 a
1208 4588 1395 4664 Reginberto
1412 4592 1559 4665 episcopo
1577 4590 1725 4657 Brixensi,
1751 4593 1802 4665 qui
1821 4595 1962 4648 eremitas

220 4721 275 4777 per
307 4715 436 4756 montem
468 4720 491 4756 s.
517 4700 643 4773 Georgii
675 4701 832 4775 dispersos
864 4702 891 4754 in
924 4719 1012 4755 unum
1044 4719 1154 4776 corpus
1187 4704 1340 4758 coniunxit
1371 4703 1475 4774 eisque
1506 4701 1729 4777 approbatione
1757 4702 1839 4775 1138
1866 4705 1983 4760 Roma.

220 4829 325 4868 secuta
356 4815 489 4888 regulam
515 4832 538 4868 e.
564 4813 716 4868 Benedicti
748 4814 954 4887 praescripsit.
1005 4812 1083 4886 1700
1108 4815 1167 4870 hoc
1191 4816 1404 4870 monasterium
1433 4828 1539 4888 quater
1568 4818 1637 4889 igne
1667 4816 1798 4871 deletum
1830 4820 1859 4872 in
1892 4820 1976 4872 vict)

220 4926 306 4980 Ficht
330 4926 518 4981 aedificatum
544 4939 599 4980 est.
633 4923 764 4991 Staffler‚
790 4926 853 4980 Das
878 4924 1022 4982 deutsche
1046 4926 1132 4982 Tirol
1158 4928 1216 4982 und
1240 4925 1438 4999 Vorarlberg‚
1463 4927 1485 4982 l.

349 5056 371 5133 5)
396 5057 608 5110 Monasterium
634 5055 919 5110 llariaemontanum
948 5070 1028 5128 1090
1052 5055 1090 5112 ab
1115 5055 1294 5113 Eberhardo
1319 5056 1355 5111 de
1377 5056 1498 5130 Tarasp
1522 5054 1652 5112 Schulsii
1677 5060 1705 5113 in
1731 5060 1977 5132 Unterengadin

219 5166 370 5223 conditum
395 5182 450 5223 est.

349 5295 371 5374 ὁ)
395 5299 462 5352 Hoc
487 5300 699 5353 monasterium
724 5318 747 5353 s,
773 5299 938 5353 Laurentio
968 5298 1137 5354 dedicatum
1169 5300 1224 5353 iam
1258 5301 1380 5355 saeculo
1409 5299 1538 5373 septimo
1563 5295 1597 5375 (P)
1623 5315 1722 5357 ortum
1746 5321 1814 5358 esse
1839 5301 1957 5355 dicitur.

350 5424 371 5501 ⁷)
396 5426 566 5482 Chronicon
591 5430 785 5483 novissimum
812 5442 939 5485 monast.
965 5451 987 5486 s.
1013 5431 1093 5485 Petri
1118 5427 1371 5502 salisburgensis.
