4034 6262
886 507 927 517 —
972 470 1175 535 LXXXVI
1220 509 1260 517 —

206 698 251 760 de
267 697 341 760 vita
357 698 433 760 eius
449 697 600 778 edidit¹).
632 698 671 760 In
689 707 765 760 arte
786 707 923 761 statuas
944 695 1102 780 fingendi
1125 697 1267 760 saeculo
1287 697 1411 778 quinto
1435 697 1573 761 decimo
1597 717 1676 760 cum
1698 698 1800 761 laude
1821 687 2003 762 nomi·

205 846 310 899 natur
335 835 446 898 frater
473 855 666 899 conversus
689 836 840 899 Ioannes
863 836 1018 899 Lentner
1045 836 1080 898 in
1107 835 1321 899 monasterio
1347 837 1394 899 ad
1418 834 1546 900 Scotos
1561 836 1839 918 vindobonensi,
1865 828 2013 918 <jul

204 994 283 1038 cum
300 976 488 1038 nonnullos
504 995 616 1038 annos
630 976 868 1056 (1436—1439)
883 984 985 1038 extra
1003 975 1210 1037 coenobium
1226 974 1337 1038 vitam
1354 975 1499 1057 egisset,
1515 975 1736 1057 poenitentia
1751 976 1895 1057 percule
1929 989 2017 1032 u*

205 1113 310 1178 rediit
334 1124 379 1200 et·
393 1124 469 1177 arte
493 1134 557 1176 sua
580 1115 684 1177 deum
709 1112 816 1177 coluit
839 1123 875 1176 et
898 1113 1093 1176 celebravit
1107 1114 1141 1195 ²).
1186 1113 1246 1176 Ab
1263 1113 1470 1196 Hertweigo
1486 1113 1596 1176 fratre
1619 1132 1791 1178 converso
1813 1135 1925 1178 mom.
1957 1131 2011 1174 a

204 1253 303 1316 sterii
327 1252 602 1315 cremifanensis
625 1262 761 1335 narrat,
790 1253 850 1334 qui
873 1252 1016 1335 scripsit
1039 1254 1195 1335 annales,
1227 1272 1370 1338 ,omnes
1398 1252 1576 1316 fenestras
1602 1255 1806 1317 monasterii
1831 1253 2017 1318 vitu-:i

204 1393 384 1476 pulchrius
407 1394 613 1455 decoratas“
629 1393 653 1474 ³)
685 1403 721 1455 et
752 1394 796 1455 de
819 1392 1055 1474 Reginhardo
1083 1393 1214 1455 abbate
1238 1390 1444 1456 Sazaviensi
1469 1402 1745 1455 commemorant
1767 1394 1845 1456 libri
1870 1415 1927 1455 a..
1953 1415 2014 1458 n

204 1533 320 1594 nales:
354 1531 440 1615 ,fuit
463 1551 532 1594 non
556 1531 701 1613 ignarus
725 1531 811 1594 artis
835 1541 870 1595 et
894 1530 1017 1613 omnis,
1050 1551 1142 1613 quae
1166 1551 1210 1593 ex
1233 1532 1327 1594 vitro
1356 1530 1432 1594 lieri
1460 1532 1567 1613 solet,
1599 1531 1880 1613 compositionis“
1966 1547 2000 1584 ⁴

333 1670 459 1732 Fuisse
476 1670 593 1751 etiam,
611 1670 671 1750 qui
686 1669 945 1732 architecturae
961 1669 1166 1751 peritissimi
1182 1681 1312 1751 essent,
1335 1670 1422 1732 satis
1440 1671 1673 1752 comprobant
1693 1671 1775 1733 libri
1791 1672 1910 1734 annal.
1943 1694 2017 1737 Θ

204 1809 496 1872 monasteriorum
520 1818 556 1870 et
579 1806 789 1890 magnificae
813 1807 986 1870 ecclesiae
1010 1817 1064 1870 tot
1087 1808 1239 1870 saeculis
1262 1827 1331 1871 non
1356 1802 1570 1871 destructae.

338 1949 411 2011 Iam
436 1950 481 2010 ab
505 1949 660 2030 antiquis
684 1948 903 2030 temporibus
927 1948 1033 2010 etiam
1051 1948 1118 2010 arti
1134 1948 1291 2010 musicae
1307 1947 1580 2030 diligentissima
1596 1967 1682 2011 cura
1698 1948 1857 2011 adhibita
1879 1970 2017 2019 es

203 2088 238 2150 in
262 2087 422 2150 ecclesiis
446 2087 578 2149 ordinis
602 2086 722 2149 nostri.
755 2086 846 2166 Quin
872 2086 977 2148 etiam
1002 2094 1127 2148 cantus
1149 2087 1300 2149 choralis
1316 2087 1470 2148 maxima
1484 2105 1569 2169 pars
1590 2095 1668 2148 erat
1684 2089 1801 2150 cultus
1816 2088 1893 2150 divi
1908 2097 2013 2178 ni,

203 2229 343 2308 qualem
375 2247 402 2289 s.
430 2226 617 2289 Benedicti
646 2225 708 2289 filii
736 2229 902 2309 agebant.
946 2226 1057 2307 Apud
1084 2245 1206 2288 omnes
1233 2225 1376 2307 quidem
1404 2235 1600 2307 praecepta
1630 2226 1817 2309 primaria,
1844 2247 1919 2307 qu
1930 2251 2008 2296 ae

201 2386 351 2449 magnus
368 2367 470 2447 Papa
491 2365 687 2447 Gregorius
710 2367 735 2429 I.
761 2366 956 2448 (ipo—604)
982 2365 1193 2448 instituerat,
1217 2367 1400 2446 valebant,
1432 2365 1523 2428 inter
1546 2366 1707 2447 singulos
1730 2384 1816 2428 vero
1838 2367 2001 2434 haud

202 2524 281 2567 raro
304 2524 435 2587 magna
460 2503 635 2566 dissensio
658 2503 918 2584 intercedebat,
942 2503 979 2565 id
1004 2505 1098 2584 quod
1122 2502 1254 2565 factum
1279 2512 1356 2565 erat
1378 2503 1414 2566 in
1439 2504 1663 2567 monasteriis
1680 2503 1998 2570 Cremifanensi

204 2653 239 2707 et
271 2644 519 2707 Admontensi.
566 2640 718 2705 Saeculo
752 2642 857 2706 tertio
892 2643 1030 2705 decimo
1065 2643 1203 2705 demum
1239 2652 1365 2706 cantus
1401 2644 1552 2706 choralis
1582 2643 1618 2706 in
1651 2642 1868 2707 Germanicis
1952 2656 1995 2708 et

204 2784 404 2846 Austriacis
428 2782 651 2845 monasteriis
675 2783 840 2864 expletus
863 2783 1047 2865 magisque
1072 2793 1247 2864 aequatus
1269 2791 1333 2864 est,
1358 2803 1437 2845 cum
1463 2783 1569 2845 iidem
1595 2784 1800 2865 „cantores“
1826 2801 1993 2862 saepe

203 2921 354 3003 plurium
378 2921 672 2984 monasteriorum
696 2922 886 2984 monachos
910 2922 1089 2984 erudirent
1113 2932 1149 2984 et
1173 2923 1351 2985 docerent.

333 3059 478 3142 Optime
502 3060 647 3123 meritus
672 3069 727 3123 est
750 3062 794 3122 de
817 3071 892 3123 arte
917 3061 1049 3123 musica
1074 3072 1109 3123 et
1133 3071 1238 3124 cantu
1261 3061 1462 3123 Fridericus
1485 3063 1530 3123 de
1546 3061 1650 3141 nich,
1673 3063 1788 3124 abbas
1803 3056 1989 3124 cremi-

201 3200 369 3281 fanensiS,
393 3221 414 3263 a
438 3221 508 3282 quo
532 3200 709 3263 annalium
732 3199 884 3280 scriptor
900 3213 1019 3263 narrat
1037 3201 1293 3284 ,introductum
1310 3220 1390 3262 esse
1406 3219 1507 3263 usum
1524 3201 1610 3264 artis
1626 3203 1801 3265 musicae“
1817 3206 1850 3282 ⁵).
1936 3193 1988 3255 11¹

202 3340 374 3403 Bohemia
397 3360 423 3403 s.
449 3341 670 3403 Adalbertus
693 3339 846 3402 animum
870 3340 1021 3402 intendit
1044 3341 1079 3402 in
1103 3341 1289 3404 colendum
1321 3352 1463 3403 cantum
1494 3350 1530 3403 et
1567 3340 1600 3402 in
1624 3342 1811 3423 Hungaria
1833 3349 1988 3403 exer·

202 3481 332 3543 cebant
355 3499 433 3542 eum
457 3480 651 3561 praecipue
674 3478 837 3541 monachi
860 3479 992 3542 Montis
1015 3479 1198 3543 Panoniae
1213 3480 1247 3559 ⁶).

331 3620 406 3682 Iam
436 3638 522 3682 vero
557 3619 636 3701 ipsa
670 3640 727 3681 ars
762 3619 939 3682 scribendi
969 3620 1212 3703 pingendique
1248 3621 1383 3683 animos
1415 3619 1587 3682 excitavit
1619 3620 1665 3681 ad
1697 3619 1985 3682 doctrinarum

201 3759 368 3823 studium.
413 3758 454 3821 In
477 3759 533 3821 his
556 3758 744 3839 disciplina
766 3760 978 3841 theologica,
1010 3760 1061 3822 uti
1089 3780 1155 3841 par
1183 3770 1247 3842 est,
1277 3761 1473 3842 principem
1497 3761 1614 3821 locum
1638 3759 1785 3821 obtinet.
1831 3743 1983 3840 Quod

199 3898 382 3981 theologia
405 3917 518 3979 usque
541 3899 587 3960 ad
611 3899 791 3960 saeculum
815 3910 980 3979 quartum
1004 3898 1179 3961 decimum
1202 3898 1488 3980 comprehendit,
1519 3917 1590 3960 non
1619 3899 1767 3960 multum
1794 3906 1880 3960 erat
1955 3888 1980 3941 θῒ

200 4038 234 4100 in
251 4036 511 4120 cognoscendis
527 4057 554 4101 s.
568 4036 754 4118 scripturis
770 4040 990 4119 versabatur,
1007 4038 1177 4119 operibus
1194 4058 1219 4100 s.
1234 4038 1390 4119 Patrum,
1407 4036 1548 4119 normis,
1566 4037 1709 4119 regulis,
1727 4036 1974 4100 canonibus,

199 4176 318 4239 divino
336 4174 464 4257 officio,
482 4175 690 4239 ceremoniis
706 4177 752 4238 ad
768 4177 900 4239 cultum
917 4177 1075 4239 divinum
1090 4177 1158 4239 rite
1173 4176 1417 4258 peragendum
1430 4176 1703 4257 pertinentibus.
1735 4169 1969 4258 Disciplina

199 4315 402 4397 dogmatica
425 4326 461 4377 et
484 4314 627 4378 moralis
650 4315 796 4378 libellis:
824 4317 888 4399 ,de
910 4315 990 4398 fide,
1016 4317 1060 4377 de
1084 4316 1261 4398 symh010,
1286 4317 1330 4377 de
1353 4315 1449 4378 vitiis
1474 4325 1510 4378 et
1532 4317 1713 4397 peccatis,
1743 4316 1786 4378 de
1809 4316 1963 4377 decem

199 4454 419 4535 praeceptis“
446 4465 620 4536 concepta
645 4463 720 4516 erat
745 4475 787 4517 ac
812 4454 910 4516 libris
935 4455 1098 4518 asceticis
1122 4456 1331 4517 tradebatur
1354 4464 1415 4517 aut
1440 4453 1606 4538 „Summa
1624 4455 1669 4516 de
1692 4445 1894 4536 poenitenti
1906 4434 1958 4499 2³
