4088 6270
909 493 1164 555 -XCI—

201 723 382 806 aliquamdiu
413 722 560 787 Mellicii
591 731 827 786 commoratus
860 740 939 783 esse
971 720 1146 800 dieitur1).
1191 719 1340 781 Praeter
1370 717 1554 780 Nicolaum
1584 716 1788 779 nominandi
1821 725 1903 779 sunt
1967 792 1969 796 μ

201 859 296 927 Petrus
317 860 651 941 Rosenheimensis,
676 880 780 942 quem
804 859 1018 923 Trithemius
1046 860 1158 920 abbas
1190 858 1322 940 „virum
1345 856 1381 919 in
1406 856 1533 918 divinis
1557 855 1741 938 scripturis
1765 855 1899 920 studio·

198 1019 252 1065 sun
271 1012 303 1066 et
325 1001 502 1065 eruditum
526 1002 615 1064 etin
631 1001 873 1064 saecularibus
893 998 1020 1062 litteris
1041 996 1227 1080 magnifice
1249 998 1402 1076 doctum,
1427 995 1675 1077 philosophum
1699 1004 1734 1058 et
1757 996 1901 1076 politam

190 1141 458 1221 praecellentem,
486 1139 630 1223 ingenio
658 1148 861 1221 promptum
885 1148 921 1201 et
944 1135 1095 1199 clarum“
1121 1147 1227 1199 vocat
1255 1146 1291 1197 et
1318 1146 1440 1217 patres
1468 1135 1503 1197 in
1531 1134 1679 1198 concilio
1702 1134 1901 1197 Basileensi

182 1279 375 1360 congregati
398 1278 434 1340 in
458 1277 666 1340 Bohemiam
689 1278 870 1357 miserunt,
894 1287 933 1338 ut
960 1296 1038 1338 cum
1068 1275 1143 1337 eius
1171 1284 1286 1337 terrae
1318 1275 1488 1355 praelatis
1519 1276 1563 1336 de
1596 1273 1758 1337 doctrina
1779 1273 1902 1337 Hussii

173 1415 238 1478 iam
267 1418 370 1500 longe
393 1436 586 1501 progressa
614 1417 826 1480 deliberaret
840 1419 883 1498 2);
914 1416 1053 1479 Nicolai
1084 1416 1226 1478 abbatis
1257 1434 1442 1478 successor
1470 1415 1665 1494 secundus,
1698 1413 1902 1494 Stephanus

165 1551 358 1638 Spanberg
383 1558 642 1636 (1451-1453),
675 1556 735 1638 qui
758 1556 793 1617 in
817 1530 999 1617 academia
1022 1554 1291 1616 Vindobonensi
1314 1556 1358 1616 de
1380 1553 1469 1615 libro
1492 1552 1735 1615 ecclesiastico
1765 1562 1800 1616 et
1830 1553 1904 1634 epi-

159 1694 263 1755 stola
290 1695 404 1775 prima
434 1714 461 1757 s
486 1695 588 1758 Pauli
616 1697 662 1757 ad
683 1696 906 1758 Timotheum
921 1696 944 1775 ³)
974 1695 1113 1756 scholas
1144 1714 1279 1755 summa
1309 1693 1566 1774 adprobatione
1597 1692 1738 1755 auditas
1768 1692 1903 1770 habuit,

158 1828 321 1895 Ioannes
336 1833 516 1897 Wischler
532 1836 576 1898 de
593 1835 822 1916 Freinsheim,
847 1854 951 1915 quem
974 1835 1141 1897 Ioannem
1166 1836 1210 1895 de
1227 1832 1332 1914 Spira
1355 1831 1535 1895 nominare
1557 1833 1682 1911 solent,
1705 1830 1761 1893 vir
1777 1831 1904 1894 doctus

156 1977 199 2027 et
226 1973 416 2035 multorum
438 1973 608 2036 librorum
631 1974 825 2055 scriptori),
850 1973 1032 2037 Conradus
1057 1974 1101 2035 de
1125 1972 1367 2054 Geissenberg
1381 1975 1415 2053 5),
1444 1972 1616 2034 Melchior
1639 1973 1683 2034 de
1707 1969 1903 2034 Steinheim

156 2119 298 2183 postea
310 2112 423 2174 abbas
436 2113 483 2174 ad
498 2132 525 2175 s.
536 2111 744 2175 Udalricum
757 2121 793 2174 et
810 2132 836 2174 s.
847 2111 972 2174 Afram
985 2112 1173 2194 Augustae
1185 2113 1218 2172 V
1221 2112 1450 2174 indelicorum
1458 2108 1493 2192 ⁶),
1507 2110 1682 2174 Martinus
1695 2109 1859 2193 Sengenz
1869 2110 1904 2191 ⁷),

158 2239 411 2331 Wolfgangus
436 2251 480 2312 de
497 2249 602 2314 Stera
616 2250 652 2333 8),
677 2252 737 2333 qui
759 2272 894 2314 summa
910 2251 1137 2314 contionandi
1153 2252 1258 2313 laude
1274 2249 1435 2329 florebat,
1459 2251 1611 2314 Ioannes
1627 2248 1902 2331 Schlittpacher,

164 2384 236 2460 qui
260 2391 385 2451 multas
410 2390 454 2452 de
477 2389 605 2452 litteris
630 2390 890 2454 controversias
914 2391 1129 2472 disceptavit
1158 2401 1194 2453 et
1224 2391 1259 2452 in
1282 2409 1464 2452 numerum
1487 2390 1641 2452 virorum
1664 2389 1793 2451 aetatis
1816 2408 1902 2450 suae

166 2519 453 2589 doctissimorum
485 2529 617 2591 relatus
649 2539 704 2592 est
718 2531 752 2609 9).
797 2530 886 2592 Item
914 2530 949 2591 in
979 2530 1193 2592 monasterio
1225 2530 1270 2591 ad
1299 2527 1426 2591 Scotos
1450 2528 1720 2591 Vindobonensi
1747 2529 1904 2589 nonnulli

168 2661 362 2744 scriptores
386 2666 578 2748 theologici
601 2666 804 2749 floruerunt,
828 2668 920 2730 inter
943 2688 1032 2750 quos
1048 2668 1199 2730 Ioannes
1217 2668 1260 2728 de
1278 2665 1557 2729 Ochsenhausen
1573 2670 1696 2748 abbas,
1720 2667 1905 2750 professus

170 2789 396 2884 Mellicensis,
421 2804 532 2884 quiin
548 2825 693 2868 numero
718 2807 1031 2870 illustrissimorum
1056 2818 1092 2871 et
1116 2808 1259 2871 summis
1275 2808 1440 2871 laudibus
1457 2811 1715 2872 celebratorum
1731 2809 1901 2872 abbatum

172 2935 333 3021 refertur,
358 2953 394 3005 et
416 2943 593 3006 Martinus
617 2947 855 3027 (1446-1461)
880 2967 1081 3029 successor,
1114 2949 1174 3030 qui
1201 2949 1235 3010 in
1264 2948 1448 3010 academia
1471 2946 1739 3010 Vindobonensi
1763 2949 1902 3010 scholas

172 3066 297 3143 habuit
318 3081 476 3163 illudque
500 3083 631 3145 clarum
659 3083 923 3167 „Senatorium“
950 3087 1117 3167 confecit,
1147 3097 1183 3150 et
1205 3087 1357 3150 Ioannes
1381 3088 1515 3169 Nagler
1537 3097 1574 3149 et
1593 3086 1835 3169 Wolfgangus
1860 3089 1905 3149 de

182 3277 489 3302 3—-

306 3429 325 3509 ¹)
349 3431 542 3506 Keiblinger‚
571 3435 755 3493 Geschichte
779 3455 839 3492 uon
862 3437 943 3492 Mella
965 3436 988 3492 1.
1020 3437 1094 3492 Eius
1125 3440 1238 3512 scripta
1269 3437 1346 3512 apud
1372 3437 1478 3513 Kropf,
1506 3436 1689 3496 bibliotheca
1712 3440 1903 3501 Mellicensis.

304 3542 324 3620 2)
347 3547 454 3602 Petrus
478 3547 742 3605 Rosenheimensis
766 3548 841 3605 obiit
865 3552 945 3605 circa
969 3568 1076 3605 annum
1105 3565 1195 3622 1440,
1226 3551 1263 3606 cl.
1288 3551 1395 3625 Kropf.
1421 3551 1606 3609 Trithemius
1636 3552 1673 3608 de
1702 3556 1905 3628 scriptoribus

177 3653 286 3712 eccles.
308 3657 484 3733 Keiblinger
509 3660 525 3716 l.
549 3680 575 3717 c.
599 3661 621 3717 1.

302 3767 324 3847 ³)
347 3769 527 3846 Keiblinger
550 3774 568 3829 l.
593 3794 618 3830 c.
644 3788 673 3830 et
697 3775 798 3850 Kropf
817 3775 835 3831 l.
861 3795 886 3832 c.

304 3878 325 3959 ⁴)
347 3883 464 3938 Floruit
490 3903 515 3940 c.
540 3903 647 3941 annum
676 3885 773 3958 145b;
797 3887 900 3963 Kropf
919 3888 937 3944 1.
963 3908 988 3945 c.

307 3992 328 4072 ⁵)
352 3994 436 4051 Obiit
464 3994 562 4068 1460;
587 3999 688 4074 Kropf
709 4000 726 4056 Ι.
752 4019 776 4056 c.

305 4103 326 4184 ⁶)
350 4107 434 4164 Obiit
464 4123 560 4183 1474;
583 4111 686 4187 Kropf
706 4112 723 4167 l.
749 4132 774 4168 c.
799 4113 887 4169 False
912 4132 978 4168 eum
1002 4116 1135 4170 nominat
1157 4114 1329 4172 Stamheim.

306 4217 327 4297 7)
350 4220 435 4278 Obiit
459 4241 485 4278 c.
510 4241 536 4279 a.
567 4223 643 4296 1485
670 4237 700 4280 et
724 4239 790 4280 erat
813 4229 897 4301 prior
920 4228 1118 4294 Mellicensis;
1144 4229 1245 4304 Kropf
1264 4230 1282 4286 l.
1307 4249 1334 4286 c.
1372 4209 1376 4215 ὁ

304 4327 324 4410 ⁸)
347 4333 431 4391 Obiit
455 4355 480 4391 c.
506 4354 532 4390 a.
561 4350 637 4408 1491
666 4351 696 4392 et
719 4352 784 4393 erat
808 4340 891 4413 prior
915 4339 952 4394 ad
976 4359 999 4395 s.
1024 4341 1144 4396 Petrum
1169 4340 1355 4416 Salisburgi;
1381 4343 1481 4417 Kropf
1501 4344 1518 4400 l.
1544 4363 1570 4400 c.

304 4441 324 4521 9)
353 4447 482 4502 Ioannes
510 4446 732 4524 Schlittpacher
756 4449 967 4525 Schdngauiae
999 4455 1027 4507 in
1058 4455 1185 4509 Bavaria
1217 4470 1294 4527 1403
1328 4469 1431 4522 natm,
1464 4457 1608 4513 educatus
1640 4469 1688 4514 est
1711 4458 1901 4528 Weilheimii,

186 4548 264 4605 unde
282 4557 305 4610 ei
327 4576 435 4614 nomen
453 4559 493 4614 W
495 4559 678 4616 eilheimensi
703 4575 749 4617 est
773 4576 802 4618 et
824 4576 982 4639 postquam
1004 4567 1134 4639 optimos
1152 4569 1317 4640 magistros
1333 4567 1504 4624 academiae
1520 4569 1763 4628 Vindobonensis
1779 4572 1901 4640 audivit,

190 4659 293 4720 ordinis
314 4672 404 4726 nostri
429 4684 515 4727 veste
539 4672 658 4728 Mellicii
684 4673 803 4731 indutus
827 4690 883 4732 est.
915 4677 1017 4733 Paullo
1040 4691 1112 4753 post
1135 4679 1314 4736 reformator
1342 4683 1370 4736 in
1399 4685 1582 4738 monasteria
1613 4683 1649 4738 ad
1680 4702 1705 4740 s.
1730 4684 1900 4742 Udalricum

191 4774 222 4816 ‘³1
246 4772 329 4836 cllram
345 4781 504 4857 Augustae
520 4784 743 4843 Vindelicorum
767 4800 798 4843 et
819 4789 975 4846 Ettalense
999 4793 1171 4859 arcessitus,
1197 4792 1303 4848 deinde
1320 4793 1419 4850 Cellas
1435 4796 1586 4851 Marianas
1603 4797 1685 4870 prior
1700 4810 1826 4853 vocatus
1843 4810 1901 4854 est.

196 4868 319 4947 18etiarn
348 4895 479 4969 collegio
503 4915 521 4951 a
545 4897 625 4953 Cusa
652 4900 792 4956 cardinali
821 4901 1041 4959 reformationis
1065 4923 1155 4960 causa
1179 4907 1343 4962 constituto
1373 4908 1513 4964 interfuit.
1560 4909 1670 4965 Postea
1700 4911 1782 4984 prior
1809 4911 1904 4966 Melli-

198 5001 281 5057 tensis
301 5018 328 5061 et
349 5025 427 5065 anno
457 5022 536 5082 1474
560 5012 644 5086 prior
667 5010 926 5089 Ebersbergensis
951 5015 1047 5072 lactus
1071 5031 1125 5073 est.
1171 5019 1282 5093 Magna
1305 5038 1428 5094 operum
1460 5023 1524 5077 eius
1555 5039 1625 5096 pars
1655 5022 1692 5077 ad
1724 5025 1902 5098 interpreta-

200 5097 291 5170 ἶἱθῑῑθῐῐι
313 5138 334 5175 s.
359 5121 483 5196 regulae
507 5123 645 5179 refertur.
692 5125 921 5183 Controversias
949 5127 1039 5184 subiit
1062 5149 1128 5185 cum
1152 5131 1317 5205 Marquado
1340 5131 1495 5207 Sprenger
1522 5132 1559 5189 de
1590 5134 1744 5209 theologia
1776 5138 1902 5210 mystica

205 5212 236 5268 ad
253 5222 453 5290 defendendum
478 5235 656 5303 Gersonem‚
681 5257 747 5293 cum
772 5239 924 5295 Bernardo
947 5240 985 5296 de
1008 5241 1141 5317 Waging
1164 5246 1257 5318 priori
1282 5246 1452 5300 monasterii
1469 5245 1710 5319 Tegernseeusis
1735 5247 1790 5318 „de
1812 5247 1903 5305 docta

125 5408 127 5417 Ι
206 5337 370 5412 'monialae
395 5366 461 5402 cum
487 5348 540 5404 Dr.
559 5349 671 5406 Ioanne
694 5351 780 5407 Keck
803 5351 1027 5425 Tegernseensi
1054 5355 1109 5426 „de
1132 5356 1259 5412 unienda
1282 5357 1443 5425 ecclesia“,
1467 5377 1534 5414 cum
1550 5358 1735 5434 Hieronymo
1753 5359 1790 5416 dc
1807 5360 1901 5419 Werd

208 5429 388 5514 lunelacensi
416 5458 473 5530 ,de
496 5472 596 5518 aetate
619 5463 749 5519 mundi“.
782 5464 959 5540 Keiblinger
981 5467 1000 5523 l.
1026 5486 1050 5524 c.
1076 5468 1098 5523 1.

1654 5570 1696 5621 m}
