4088 6270
839 525 882 536 -
926 488 1067 551 XLVII
1110 524 1153 533 —

255 718 366 781 Aliud
401 737 543 799 quoque
578 719 645 779 hoc
681 724 843 796 ternpore
879 712 1008 777 evenit.
1054 711 1142 776 Cum
1176 731 1267 794 pace
1301 711 1393 775 inter
1424 711 1636 775 Austriacos
1670 723 1706 774 et
1739 710 1863 776 Gallos

155 859 225 919 iacta
239 857 450 939 Tergestum
472 855 509 917 in
533 853 715 917 Gallorum
740 853 915 916 dicionem
937 851 1097 915 venisset
1119 850 1292 934 regnique
1308 850 1440 933 Illyrici
1465 862 1575 931 caput
1594 851 1729 914 factum
1753 860 1860 933 esset,

157 998 181 1059 in
197 995 475 1058 Mechitharistas
498 994 620 1056 durius
643 993 930 1056 animadversum
953 999 1018 1056 est.
1057 991 1205 1054 Frustra
1228 990 1441 1059 Adeodatus
1464 990 1578 1052 abbas
1601 993 1693 1053 bene
1717 989 1863 1054 meritus

158 1132 288 1213 quamvis
311 1141 497 1195 senectute
520 1134 644 1195 tardus
667 1130 714 1194 ad
736 1129 936 1213 Eugenium
959 1127 1213 1209 BeauharnaiS,
1245 1127 1341 1210 regis
1370 1126 1551 1209 vicarium,
1582 1127 1753 1206 Milanum
1784 1148 1864 1209 pro-

157 1272 243 1334 lectus
265 1290 330 1352 pro
353 1271 523 1334 fratribus
546 1290 650 1333 omne
674 1269 829 1331 studium
861 1264 988 1330 officiis
1016 1266 1090 1328 suis
1119 1266 1286 1328 dantibus
1316 1268 1594 1348 deprecabatur,
1625 1267 1757 1331 frustra
1781 1268 1861 1332 Ari-

157 1422 255 1493 staces,
279 1410 339 1492 qui
362 1419 489 1493 postea
512 1409 630 1472 faetus
653 1417 708 1471 est
731 1409 854 1489 abbas,
878 1406 956 1469 iura
980 1405 1270 1489 congregationis
1292 1408 1338 1468 ab
1354 1405 1568 1470 adversariis
1584 1407 1725 1470 fortiter
1743 1408 1865 1471 defen-

157 1551 248 1622 derat;
270 1552 365 1612 bona
388 1568 510 1611 eorum
533 1547 726 1629 publicata,
749 1545 933 1609 monachis
956 1545 1027 1627 vix,
1053 1565 1145 1628 quae
1168 1547 1215 1607 ad
1238 1544 1371 1607 victum
1395 1555 1478 1609 sunt
1500 1547 1716 1628 necessaria,
1739 1547 1864 1611 relicta

117 1774 120 1783 ,
157 1698 224 1752 sunt.
258 1686 396 1769 Quibus
419 1687 454 1749 in
477 1686 653 1770 angustiis
675 1685 738 1749 filii
761 1683 993 1748 Mechitharis
1008 1684 1258 1746 Vindobonam
1281 1683 1528 1766 confugerunt.
1559 1685 1614 1748 Ibi
1635 1706 1656 1747 a
1672 1686 1865 1749 Francisco

157 1826 341 1907 imperatore
373 1836 410 1888 et
441 1825 568 1889 comite
597 1826 642 1887 de
665 1825 886 1886 Hohenwart
913 1822 1184 1904 archiepiscopo
1214 1822 1409 1885 liberaliter
1437 1823 1582 1904 excepti
1612 1825 1864 1887 monasterium

157 1982 177 2026 s.
194 1962 340 2026 Udalrici
363 1964 399 2026 in
423 1962 594 2026 suburbio
610 1961 801 2044 Iosephino
818 1981 839 2023 a
855 1959 1046 2043 Capucinis
1070 1969 1177 2024 antea
1198 1970 1411 2042 occupatum
1434 1967 1508 2023 1811
1530 1964 1623 2026 dono
1639 1976 1865 2044 acceperunt.

159 2100 308 2165 Fortunae
332 2121 476 2184 quoque
500 2111 607 2164 antea
630 2101 821 2164 admodum
844 2108 970 2162 tenues
994 2107 1121 2162 auctae
1145 2108 1236 2179 sunt,
1267 2119 1347 2162 cum
1370 2100 1584 2182 Tergestum
1615 2100 1659 2164 iis
1686 2102 1865 2165 redditum

160 2250 241 2302 esset.
268 2241 365 2303 Ante
389 2239 508 2303 omnia
530 2258 616 2302 vero
638 2239 728 2301 haec
752 2236 986 2320 congregatio
1006 2235 1133 2299 florere
1154 2236 1282 2319 coepit,
1305 2246 1498 2320 postquam
1513 2239 1706 2302 Adeodato
1729 2249 1867 2304 mortuo

161 2379 195 2438 ad
212 2379 406 2442 Aristacem
429 2377 587 2460 dignitas
610 2376 803 2440 abbatialis
826 2376 946 2439 delata
970 2385 1026 2439 est
1042 2376 1075 2455 ¹).

261 2518 426 2599 Denique
461 2537 531 2579 non
566 2515 922 2598 praetermittendum
956 2514 1099 2578 videtur
1131 2534 1229 2595 esse,
1263 2515 1548 2597 praeposituram
1580 2516 1868 2599 Raigradensem

165 2655 347 2719 monasterio
370 2654 631 2718 Brevnoviensi
660 2654 841 2718 subditam
872 2657 951 2716 1812
983 2655 1206 2735 adprobante
1237 2653 1451 2735 imperatore
1483 2655 1665 2718 abbatiam
1698 2655 1752 2718 sui
1783 2656 1869 2719 iuris

165 2791 266 2857 laetam
283 2814 373 2876 esse,
398 2794 498 2858 cuius
514 2794 648 2876 primus
664 2780 778 2856 abbas
795 2792 1021 2875 Augustinus
1037 2793 1144 2855 Koch
1159 2792 1445 2875 RaigradiensiS,
1464 2793 1661 2856 litterarum
1678 2793 1869 2876 professor,
1954 2800 1961 2810 '

168 2930 271 2996 electus
294 2945 350 2997 est
364 2935 399 3014 ²).

244 3070 310 3135 Sed
339 3082 460 3136 tamen
487 3073 680 3135 monachos
712 3070 958 3153 proscribendi
990 3072 1146 3133 nondum
1175 3069 1256 3132 finis
1288 3081 1343 3132 est
1372 3069 1501 3134 factus.
1543 3074 1626 3133 1810
1655 3090 1720 3152 per
1749 3071 1872 3136 Fride-

168 3203 249 3270 ricum
270 3209 495 3273 Guilielmum
510 3209 584 3291 111,
602 3210 838 3272 Borussorum
860 3228 994 3292 regem,
1007 3208 1298 3290 Wahlstadtium,
1317 3208 1566 3290 praepositura
1582 3210 1871 3292 Braunaviensis,

169 3340 343 3411 dissolutum
369 3347 517 3429 eiusque
540 3348 785 3430 possessiones
808 3348 984 3430 neglectis
1006 3347 1193 3410 Fortunati
1215 3347 1358 3409 abbatis
1374 3348 1652 3412 Braunaviensis
1675 3349 1872 3413 rationibus

171 3485 340 3558 publicatae
372 3495 456 3551 sunt
468 3488 503 3567 ³).
549 3487 665 3549 Maior
694 3507 780 3550 vero
812 3487 934 3550 clades
965 3485 1098 3549 ordinis
1129 3495 1206 3549 erat
1236 3485 1271 3547 in
1304 3485 1523 3571 Salisburgo,
1559 3489 1656 3569 quod
1686 3488 1757 3551 iam
1793 3491 1870 3550 1802

171 3616 303 3687 libertate
325 3628 489 3688 orbatum
513 3636 599 3706 erat,
624 3644 666 3687 ac
690 3623 798 3686 Tiroli
823 3633 859 3686 et
874 3624 1139 3707 Vorarlbergio.
1179 3623 1280 3706 Quae
1305 3633 1420 3688 terrae
1443 3644 1534 3706 pace
1557 3625 1703 3688 Posonii
1726 3625 1814 3690 inita
1836 3625 1873 3688 in

174 3753 358 3826 Bavarorum
382 3762 557 3826 dicionem
580 3765 748 3826 redactae
773 3773 884 3845 erant,
917 3764 976 3845 qui
1007 3773 1091 3827 tunc
1114 3763 1263 3845 imperio
1287 3763 1532 3848 Montgelasii,
1565 3763 1715 3828 ministri
1745 3774 1782 3828 et
1812 3767 1874 3827 ad·

176 3892 265 3962 luteris
287 3902 512 3965 consiliorum
534 3901 641 3985 regiS,
664 3904 851 3984 parebant.
883 3902 952 3966 Hic
975 3902 1046 3966 iam
1075 3908 1153 3965 1803
1179 3903 1297 3966 omnia
1312 3903 1489 3966 Bavariae
1512 3903 1737 3985 monasteria,
1760 3903 1796 3965 in
1820 3904 1874 3965 his

176 4035 402 4118 antiquissimas
436 4041 601 4104 abbatias
635 4042 734 4104 velut
764 4041 997 4124 Mettensem,
1034 4042 1270 4105 Altahensem
1300 4042 1522 4124 Inferiorem,
1553 4042 1873 4124 Tegernseensem,

178 4166 354 4260 Rotensem,
378 4179 690 4260 Andechsensem‚
714 4179 1061 4242 Wessobrunensem
1090 4188 1126 4242 et
1149 4180 1238 4242 alias
1261 4189 1443 4262 tamquam
1467 4201 1488 4243 a
1511 4188 1709 4262 temporum
1737 4179 1874 4243 ratione

180 4314 204 4365 et
219 4325 324 4378 natura
346 4317 575 4381 abhorrentia
603 4318 821 4382 aboleverat.
872 4321 950 4397 1807
985 4318 1093 4382 etiam
1120 4318 1156 4381 in
1180 4318 1289 4381 Tiroli
1317 4319 1542 4382 monasteriis
1569 4319 1703 4384 Montis
1727 4318 1875 4402 Georgii

182 4439 335 4536 tFiechtio),
359 4454 699 4535 Mariae-Montano,
728 4454 965 4538 Saebenensi,
995 4457 1138 4539 Augiae
1161 4456 1285 4519 maiori
1309 4459 1460 4520 eundern
1483 4457 1663 4521 interitum
1687 4458 1830 4539 paravit
1842 4460 1875 4541 4).

184 4576 338 4656 Crudeliter
360 4593 411 4656 ibi
434 4594 470 4656 in
493 4595 686 4657 monachos
709 4596 919 4658 consultum.
952 4596 1166 4658 Procurator
1189 4598 1233 4658 de
1249 4595 1459 4659 Hofstetten
1482 4605 1589 4658 noctu
1614 4595 1741 4658 ostium
1766 4596 1876 4658 dorni·

186 4714 240 4802 cilii,
257 4731 342 4808 quod
370 4750 451 4810 1724
475 4731 639 4794 monachi
661 4732 977 4795 Mariae-Montani
1000 4732 1150 4795 Meranii
1174 4733 1417 4815 condiderant,
1441 4732 1608 4815 pulsavit,
1632 4733 1877 4796 Benedictinis

187 4867 217 4914 ll
240 4881 343 4932 somno
379 4869 508 4932 excitis
544 4869 814 4933 dissolutionem
848 4870 1054 4933 monasterii
1087 4871 1208 4933 verbis
1242 4873 1381 4953 asperis
1420 4869 1643 4933 denuntiavit
1680 4879 1717 4933 et
1750 4872 1876 4934 timore

189 4986 455 5018 N--ffl

279 5103 296 5183 ¹)
318 5107 441 5176 Hurter‚
465 5105 571 5164 Leben
596 5107 650 5164 des
674 5106 830 5165 Aristaces
854 5107 972 5164 Azaria.

279 5215 296 5295 ι)
318 5220 492 5275 Chronicon
513 5221 751 5278 Blevnoviense.

279 5327 299 5407 ³)
320 5330 505 5387 Geschichte
528 5351 588 5389 von
613 5334 719 5388 Fiecht
742 5333 801 5389 und
825 5335 931 5408 Egger
954 5334 973 5390 l.
998 5355 1023 5392 c.
1048 5334 1100 5391 ΙΙΙ.

280 5438 298 5520 ⁴)
319 5444 503 5501 Geschichte
526 5463 587 5502 von
610 5445 717 5501 Fiecht
739 5445 798 5501 und
821 5446 936 5520 Egger.
972 5446 1059 5503 Tirol
1082 5447 1101 5503 l.
1126 5465 1152 5503 c.
1177 5446 1229 5502 Ill.
