4034 6262
684 530 970 602 -w-

126 717 346 781 :haristicum
369 716 507 779 obtulit.
532 716 626 778 Dein
650 714 788 777 iuvenis
869 714 990 777 Animi
1006 717 1142 781 cultura
1164 718 1255 783 inter
1276 736 1359 780 suos
1383 718 1517 800 optime
1543 721 1704 787 stabilita

126 841 281 922 icerdos,
309 859 388 902 cum
412 859 543 920 magna
566 837 602 900 in
626 856 669 899 eo
692 846 789 899 esset
869 838 914 898 de
927 839 1114 918 temporali
1127 859 1247 904 eorum
1258 845 1495 907 emolumento
1508 865 1613 926 quam
1629 871 1702 913 ma·

126 963 338 1026 novitiorum
372 961 545 1044 magister
576 959 789 1022 constitutus

137 1085 173 1147 in
190 1083 307 1148 officio
324 1104 390 1166 per
404 1083 603 1147 octodecim
619 1102 790 1146 annorum

126 1227 197 1270 non
210 1207 286 1269 sine
299 1207 454 1270 maximo
467 1205 683 1269 confratrum
696 1224 790 1268 emo·

132 1329 332 1392 desudavit.
355 1330 430 1392 Iam
446 1349 532 1392 vero
557 1331 603 1391 de
623 1329 738 1411 gradu
755 1326 790 1389 in

127 1452 298 1532 elevatus,
315 1471 408 1513 nunc
425 1451 620 1514 animarum
633 1470 738 1513 curae
755 1449 791 1512 in

125 1558 165 1636 rii
189 1573 359 1655 parochia
379 1575 553 1654 admotus,
582 1576 673 1653 1748,
698 1592 791 1635 nunc

125 1717 170 1758 un
186 1694 382 1759 Dominicis
406 1696 532 1758 diebus
556 1695 688 1758 ibidem
709 1713 791 1757 con-

125 1839 133 1880 r
157 1819 285 1899 iussus,
309 1838 401 1880 nunc
427 1837 572 1880 munere
595 1816 791 1899 subprioris

125 1940 165 2002 :hi
190 1942 380 2003 decoratus
412 1944 502 2020 1763,
528 1949 613 2003 vota
637 1938 791 2002 omnium

125 2062 311 2143 superavit.
334 2062 488 2125 Divinae
504 2081 589 2124 vero
603 2061 792 2142 providen-

125 2184 196 2247 silio
209 2186 255 2246 ad
269 2185 403 2247 maiora
415 2185 482 2247 fuit
495 2184 703 2246 destinatus.
726 2182 792 2246 Ca-

127 2327 192 2390 rgo
205 2306 380 2369 electione
395 2307 453 2369 die
471 2327 498 2386 7.
512 2306 616 2369 Mart.
634 2309 713 2385 1765
730 2307 792 2368 ab·

125 2430 256 2493 titutus
273 2439 308 2492 et
324 2429 443 2491 infulis
455 2428 718 2510 pontificalibus
735 2429 793 2490 die

125 2552 269 2615 eiusdem
285 2552 369 2615 anni
382 2552 565 2615 redimitus
578 2562 643 2616 est.
666 2553 793 2634 Itaque

124 2676 244 2738 nnium
265 2676 393 2757 factus,
417 2694 610 2757 omnesque
631 2694 715 2738 suos
731 2696 793 2757 pa-

124 2817 197 2861 rore
220 2798 439 2879 complexus,
463 2798 548 2860 nihil
573 2796 710 2860 dulcius
730 2797 793 2859 du·

128 2919 325 3002 iucundiuS,
339 2940 445 3001 quam
457 2920 605 2982 fratrum
617 2921 653 2982 in
663 2939 793 2983 corona

124 3083 126 3098 ·
153 3042 282 3105 divinis
304 3044 361 3105 die
378 3054 555 3125 noctuque
578 3042 792 3105 incumbere.

124 3187 138 3228 s
151 3166 309 3229 intentus
322 3168 368 3228 ad
380 3168 548 3229 honorem
560 3163 793 3245 Omnipoten-

124 3289 220 3351 uctis
230 3309 295 3351 sex
305 3309 450 3351 numero
460 3287 794 3351 ecclesiistotidem·

124 3409 230 3492 ficiis,
246 3411 282 3473 in
296 3410 424 3492 quibus
437 3412 642 3487 sacerdotes
656 3409 794 3473 habita·

124 3532 354 3614 nparatisque
379 3532 498 3595 multis
522 3533 628 3595 rebus
652 3533 794 3594 adrem

136 3665 172 3718 et
188 3655 255 3718 rite
270 3664 305 3717 et
318 3654 506 3738 magnifice
519 3655 795 3736 perpetrandam

123 3778 184 3858 ris,
201 3797 338 3840 summa
355 3778 474 3840 enisus
490 3786 546 3840 est
561 3796 640 3858 ope,
658 3787 696 3839 ut
708 3776 795 3838 illud

123 3900 272 3964 enedicti
287 3910 346 3983 ,ut
359 3900 393 3962 in
406 3900 569 3962 omnibus
577 3897 796 3982 glorificetur

123 4024 137 4085 l
151 4021 317 4085 effectum
326 4023 549 4103 perduceret.
563 4020 637 4086 Sed
647 4021 732 4103 quid
745 4021 795 4083 iu-

123 4143 305 4208 ›liDomini
315 4164 360 4206 ex
369 4144 488 4225 lapide
499 4141 692 4206 constructi
702 4162 796 4224 cura,

123 4288 180 4331 um
193 4267 314 4329 vivum
327 4266 552 4349 negligatur?
571 4266 667 4328 Nihil
682 4266 797 4328 minus

123 4443 124 4447 ,
138 4389 231 4452 filios
244 4409 338 4469 suos,
356 4409 399 4451 ne
412 4391 471 4451 vel
483 4409 589 4451 unum
602 4388 704 4450 exiis
718 4408 797 4469 per·

123 4512 254 4594 'temper
272 4511 400 4573 fratres
420 4512 466 4574 ad
483 4510 638 4573 studium
655 4509 797 4573 virtutis

122 4635 196 4696 ulae
205 4632 347 4695 fidelem
356 4633 620 4695 observantiam
630 4633 796 4694 adhorta-

122 4765 268 4819 rttamen
288 4757 420 4819 nullam
438 4756 604 4818 virtutem
623 4774 798 4817 commen·

122 4878 145 4940 1i
156 4879 234 4960 ipse
243 4878 339 4960 prior
347 4877 626 4941 luculentissima
635 4876 797 4959 specimi-

122 5003 258 5065 lederit.
275 5002 401 5083 Itaque
414 5001 500 5063 illud
514 5001 607 5062 omni
621 5020 707 5062 auro
720 5019 798 5081 pre·

869 958 965 1021 xime
981 971 1058 1023 erat
1074 962 1255 1026 sollicitus
1280 965 1441 1050 Longum
1455 982 1511 1034 est
1525 992 1703 1056 enarrare,

871 1101 1104 1165 quaecunque
1116 1085 1183 1148 hac
1196 1086 1231 1148 in
1243 1106 1281 1149 re
1294 1089 1522 1156 saluberrime
1534 1098 1700 1178 gesserit.

871 1201 922 1265 Ut
946 1213 1066 1267 cetera
1087 1206 1229 1271 silentio
1254 1218 1441 1296 transeam,
1466 1218 1650 1297 praedium
1668 1221 1704 1283 in

871 1321 1081 1410 Ottakring,
1109 1329 1232 1393 usibus
1256 1331 1481 1400 Scotensium
1505 1359 1705 1407 accommo-

872 1447 1108 1534 datissimum,
1129 1454 1259 1517 multos
1278 1475 1401 1539 agros,
1422 1459 1561 1545 vineas,
1582 1464 1704 1546 silvas,

871 1579 976 1650 prata
991 1576 1223 1655 comparavit.
1244 1576 1364 1657 Quare
1380 1601 1450 1644 non
1467 1584 1581 1647 solum
1598 1607 1619 1648 a
1635 1587 1707 1651 fra-

871 1691 985 1755 tribus
998 1694 1226 1777 singulariter
1239 1699 1466 1785 diligebatur,
1481 1707 1545 1768 sed
1553 1719 1706 1789 propter

872 1813 1046 1898 insignem
1062 1820 1289 1898 prudentiam
1306 1843 1406 1887 suam
1431 1826 1465 1889 in
1491 1831 1598 1892 rebus
1622 1852 1708 1912 quo-

872 1958 941 2019 que
950 1940 1103 2020 publicis
1115 1963 1247 2026 magna
1256 1950 1565 2015 eratauctoritate.
1582 1954 1622 2016 In
1634 1964 1708 2017 sta-

873 2069 971 2123 tuum
988 2061 1164 2127 inferioris
1180 2067 1351 2132 Austriae
1373 2072 1582 2153 deputatum
1603 2096 1625 2138 a
1644 2097 1708 2159 pa-

873 2182 963 2246 triae
979 2186 1142 2265 patribus
1165 2189 1289 2271 electo,
1314 2193 1552 2274 amplissimus
1568 2199 1707 2278 aperie-

872 2307 979 2369 batur
992 2327 1149 2391 campus,
1163 2331 1268 2391 quem
1282 2312 1492 2379 intemerato
1504 2317 1611 2381 animi
1623 2340 1706 2383 can-

873 2429 958 2491 dore
975 2430 1189 2495 decurreret.
1219 2433 1284 2497 Cui
1299 2437 1436 2500 muneri
1452 2439 1616 2503 admotus
1632 2461 1707 2504 orn·

872 2551 931 2614 nia
943 2554 1034 2615 adeo
1047 2554 1093 2615 ad
1104 2555 1255 2618 salutem
1269 2558 1448 2638 publicam
1460 2561 1705 2646 principisque

874 2675 1025 2738 salutem
1049 2676 1179 2760 retulit,
1203 2688 1243 2741 ut
1262 2680 1365 2744 huius
1387 2691 1533 2746 senatus
1557 2705 1706 2766 praeses

874 2797 992 2879 palam
1005 2797 1172 2861 edixerit:
1189 2797 1227 2863 Si
1241 2819 1310 2862 non
1323 2801 1448 2885 Magni
1462 2802 1709 2871 Gottvieensis

874 2929 911 2981 et
926 2919 1108 2982 Bennonis
1124 2919 1311 2984 Scotorum
1329 2924 1498 2988 abbatum
1514 2929 1707 3010 prudentia

874 3050 911 3104 et
938 3043 1155 3106 dexteritate
1182 3043 1379 3130 fulciretur,
1412 3067 1451 3110 se
1482 3050 1707 3132 negotiorum

874 3166 966 3228 mole
978 3166 1152 3248 obrutum,
1167 3167 1265 3230 oneri
1277 3167 1425 3232 ferendo
1439 3171 1609 3254 imparem
1620 3173 1709 3239 fore.

874 3286 1030 3370 Insignis
1047 3287 1106 3350 illa
1123 3288 1304 3352 Bennonis
1321 3292 1545 3356 consiliorum
1562 3295 1710 3378 integri·

873 3419 931 3471 tas
953 3408 1079 3492 fugere
1103 3430 1172 3474 non
1197 3422 1339 3494 poterat
1358 3413 1494 3478 Mariae
1512 3416 1709 3481 Theresiae

875 3532 1111 3613 imperatricis
1135 3536 1291 3616 obtutus,
1320 3555 1412 3617 quae
1437 3556 1518 3600 eum
1540 3537 1576 3600 in
1600 3541 1710 3602 rebus

875 3654 1051 3737 gravioris
1066 3657 1235 3719 momenti
1256 3676 1397 3738 semper
1420 3660 1597 3722 consuluit
1618 3660 1710 3723 eius-

876 3797 946 3859 que
959 3778 1122 3841 consulta
1129 3778 1165 3840 in
1177 3778 1317 3862 insigne
1330 3782 1461 3842 bonum
1474 3781 1613 3862 patriae
1626 3800 1710 3844 exe-

877 3899 1009 3962 cutioni
1030 3900 1268 3962 demandavit.
1296 3900 1412 3962 Maria
1434 3920 1576 3983 quoque
1592 3902 1709 3984 Anna,

876 4019 1036 4103 piissima
1058 4020 1195 4083 Mariae
1217 4021 1407 4085 Theresiae
1428 4021 1514 4104 filia,
1537 4022 1710 4085 archidux

877 4142 1056 4224 Austriae,
1069 4162 1149 4204 eum
1160 4145 1250 4206 adeo
1259 4146 1507 4227 venerabatur,
1520 4154 1561 4208 ut
1573 4164 1618 4207 ex
1630 4145 1707 4208 eius

878 4265 979 4346 quasi
1001 4285 1062 4327 ore
1082 4266 1256 4346 penderet
1280 4275 1315 4329 et
1339 4286 1419 4328 eum
1443 4268 1710 4331 adhortatorem

877 4399 1096 4471 sequeretur.
1127 4389 1229 4452 Haec
1257 4388 1410 4471 denique
1435 4401 1565 4453 exacta
1588 4390 1710 4453 iudicii

877 4512 983 4592 ratio,
1014 4510 1193 4592 animique
1221 4511 1433 4574 intemerata
1462 4511 1552 4575 fides
1579 4512 1628 4574 illi
1656 4513 1711 4575 Io-

878 4634 980 4716 sephi
1002 4634 1057 4714 IL,
1081 4634 1326 4696 Romanorum
1350 4635 1574 4715 imperatoris
1596 4636 1712 4698 conci·

878 4756 979 4819 liavit
995 4756 1279 4819 aestimationem
1296 4768 1404 4838 atque
1421 4756 1548 4840 effecit,
1565 4766 1614 4839 ut,
1632 4778 1712 4820 cum

879 4880 924 4941 de
940 4879 1130 4941 adunando
1152 4879 1336 4942 sacratiori
1361 4879 1510 4942 concilio
1534 4888 1711 4961 ageretur,

878 4999 914 5062 in
938 5019 1008 5081 quo
1029 5020 1159 5063 causae
1183 5020 1380 5082 pauperum
1405 5012 1441 5064 et
1463 5000 1711 5064 fundationum

122 5123 350 5186 estimonium
367 5124 413 5185 ab
429 5123 707 5186 eminentissimo
723 5141 799 5183 car·
837 5064 840 5187 i
879 5122 1034 5185 rationes
1061 5134 1182 5186 essent
1209 5123 1469 5207 discutiendae,
1497 5144 1578 5188 eum
1604 5124 1709 5187 huius

122 5245 262 5328 Ligazzio
271 5245 437 5308 obtinuit:
453 5245 583 5328 ,Apud
593 5244 721 5308 Scotos
732 5243 799 5305 sub

124 5387 143 5430 e
160 5369 290 5431 abbate
314 5369 417 5431 simul
434 5369 657 5450 disciplinam
679 5385 800 5428 mona·

122 5500 149 5553 et
165 5489 359 5554 litterarum
377 5492 496 5554 studia
512 5510 625 5571 aeque
639 5489 797 5552 llorere.“

880 5263 1093 5327 congressus
1102 5245 1303 5326 praesidem
1314 5246 1558 5311 denominarit.
1571 5244 1644 5310 Sed
1654 5266 1713 5309 ne·

881 5386 949 5447 que
965 5366 1051 5428 illud
1068 5366 1208 5431 silentio
1225 5377 1281 5431 est
1291 5370 1600 5450 praetereundum,
1618 5370 1713 5448 quod

880 5488 1054 5569 Iosephus
1069 5489 1125 5571 11,
1141 5499 1268 5572 pectus
1286 5489 1362 5552 eius
1379 5509 1484 5554 cruce
1500 5489 1713 5572 pretiosissi-
