4034 6262
647 485 903 554 ,81-

124 692 255 774 locuit,
271 690 434 772 privatim
447 708 532 751 vero
548 689 734 772 religiosos

149 813 315 894 aliosque
337 811 371 874 in
393 811 515 894 lingua
536 809 677 874 Graeca
700 821 735 875 et

124 935 241 1016 ruxit,
263 942 299 996 et
317 933 352 995 in
372 933 567 995 cathedrali
584 933 735 996 ecclesia

124 1056 346 1119 uvernacula
361 1055 493 1137 lingua,
509 1055 545 1117 in
562 1056 643 1117 aula
655 1075 736 1118 aca-

125 1196 277 1259 praeses
297 1177 586 1260 congregationis
606 1176 735 1240 Maria·

137 1299 346 1382 saepissime
368 1319 447 1362 cum
467 1300 573 1362 laude
593 1318 735 1381 perora·

124 1430 215 1486 :utus
239 1433 293 1484 est
318 1423 470 1504 gradum
494 1422 736 1484 academicum

124 1564 152 1608 te
168 1544 334 1625 doctoriS,
350 1543 641 1625 archiepiscopus
657 1560 736 1604 eum

124 1687 149 1729 rr
161 1684 244 1728 suos
258 1664 488 1747 consiliarios,
502 1675 538 1727 et
550 1682 643 1726 anno
656 1684 736 1742 1749

124 1807 152 1851 1s
164 1787 346 1851 facultatis
358 1787 592 1870 theologicae.
609 1785 737 1848 Elabo-

124 1910 192 1973 iam
201 1909 443 1972 universitatis
453 1906 738 1990 Salisburgensis

124 2032 305 2113 fundatae,
329 2040 365 2093 et
386 2031 421 2093 in
442 2029 603 2092 sollemni
626 2029 738 2093 mille·

124 2155 294 2219 telacensi
328 2152 494 2216 festivam
531 2151 736 2215 concionem

141 2277 220 2340 aliis
236 2277 335 2359 typis
355 2275 564 2356 impressam
585 2274 620 2336 in
636 2273 737 2335 Man-

126 2397 576 2476 iciLunaelacensiS1749.
599 2395 665 2457 Vir
687 2395 737 2456 la-

124 2542 178 2584 um
195 2522 316 2584 oblata
328 2520 396 2582 sibi
413 2519 532 2582 munia
544 2530 580 2581 et
596 2519 737 2579 labores

124 2663 169 2707 on
191 2644 315 2725 vellet,
343 2641 386 2703 iis
410 2640 553 2703 nimium
578 2643 737 2722 obrutuS,

124 2766 199 2829 riae
214 2765 338 2827 morbo
353 2763 501 2825 multum
517 2761 641 2824 vexari
658 2780 737 2823 coe·

124 2889 277 2970 lisburgo
309 2887 449 2948 domum
481 2884 602 2965 rediit,
631 2883 738 2965 paulo

126 3009 292 3092 ghofensi
329 3007 599 3089 praepositurae
636 3024 739 3087 prae·

148 3130 209 3193 ubi
232 3150 271 3192 se
299 3128 484 3211 egregium
508 3146 739 3190 oeconomum

124 3303 130 3332 ,
154 3263 384 3315 accrescente
406 3269 492 3312 vero
515 3251 608 3311 malo
629 3248 739 3310 vitam

124 3375 155 3438 bi
172 3373 339 3455 deposuit
356 3372 412 3434 die
431 3393 480 3450 29.
498 3371 583 3433 Maii
605 3374 695 3450 1755.

124 3508 208 3578 rtur,
231 3516 323 3577 quae
339 3495 436 3577 typis
453 3513 626 3575 expressa
641 3505 739 3556 sunt:

123 3626 168 3681 ria
185 3622 282 3679 almae
295 3637 326 3678 et
337 3620 609 3696 archiepiscopalis
621 3622 740 3677 univer-

124 3729 263 3802 urgcnsis
279 3725 336 3782 sub
353 3745 424 3781 cura
440 3739 557 3802 patrum
572 3724 740 3781 henedicti-

124 3831 202 3896 orfri,
225 3830 315 3905 1728.

124 3952 287 4027 sendsriltig
310 3966 477 4027 gesegnete
499 3950 651 4020 Rebecca,
675 3951 739 4007 di.

124 4056 220 4115 brede
241 4060 270 4113 iu
292 4057 360 4113 dem
382 4055 645 4130 tausendjaihrigen
661 4053 741 4111 lubi·

124 4163 174 4218 alt·
201 4162 261 4218 und
290 4160 520 4217 hochlriblichen
549 4157 654 4215 Stistes
681 4158 741 4214 und

124 4284 194 4332 isee,
212 4265 326 4321 ordinis
339 4284 363 4320 s.
376 4264 540 4332 Benedicti,
558 4263 616 4319 den
633 4278 658 4320 1.
672 4263 741 4337 'l'ag

124 4384 281 4446 getragen
302 4387 362 4425 von
383 4369 540 4445 plurimum
562 4366 739 4434 reverendo,

124 4494 136 4531 1
161 4493 197 4530 ac
222 4473 390 4529 clarissimo
416 4475 446 4529 P.
471 4473 608 4528 Romano
634 4472 740 4542 Endel,

124 4580 274 4635 ionasterii
297 4578 335 4633 ad
356 4597 380 4634 s.
397 4577 528 4633 Blasium
545 4576 697 4654 professu,
715 4596 740 4633 s.

124 4695 237 4739 octore
264 4696 294 4737 et
321 4681 453 4737 eiusdem
486 4682 514 4736 iu
544 4682 741 4737 universitate

124 4789 133 4843 i
155 4784 543 4861 scholastico-dogmaticas
563 4784 740 4860 professore

124 4890 342 4948 :verendissimi
368 4891 512 4965 principis
537 4903 567 4944 et
591 4888 740 4964 archiepi-

124 4996 249 5070 rgensis
258 4993 431 5050 consiliario
446 4993 664 5050 ecclesiastico
675 4990 738 5069 (ie.

124 5099 225 5174 gyrica
242 5096 365 5153 infesto
383 5095 502 5152 iubilaei
524 5115 602 5153 mon.
619 5097 739 5152 Lunae·

124 5314 738 5408 tleHenricus(Scotensis-Ex-

130 5441 242 5524 nsis),
265 5453 369 5505 natus
389 5456 444 5506 est
465 5443 498 5505 in
516 5442 650 5523 oppido
666 5441 738 5504 Do·

814 687 1007 751 naurieden
1044 687 1230 751 anterioris
1266 690 1444 770 quondam
1475 687 1646 751 Austriae

815 834 844 889 4.
873 808 952 873 Oct.
985 814 1075 889 1782.
1111 810 1198 872 Erat
1228 810 1391 891 proxima
1416 810 1498 873 vico
1529 809 1646 891 patrio

815 931 962 996 abbatia
988 930 1024 996 S.
1052 932 1092 995 P.
1120 932 1161 995 N.
1191 931 1396 1014 Benedicti,
1424 931 1645 1015 Wiblingen,

815 1074 928 1138 prope
950 1055 1101 1139 Ulmam,
1126 1055 1161 1117 in
1183 1075 1253 1137 qua
1278 1076 1302 1117 1.
1321 1053 1420 1136 Sept.
1447 1059 1521 1117 1801
1547 1054 1646 1117 habi·

815 1188 890 1241 tum
913 1188 1075 1241 sanctum
1099 1176 1250 1258 accepit.
1274 1176 1463 1239 Professus
1487 1198 1534 1241 11.
1555 1176 1646 1239 Nor.

821 1305 911 1382 1804,
936 1301 1104 1363 sacerdos
1128 1299 1312 1362 ordinatus
1337 1308 1392 1362 est
1416 1298 1647 1362 Constantiae

818 1443 868 1484 21.
886 1426 967 1485 Dec.
989 1425 1079 1484 1805.
1099 1421 1269 1483 Proximo
1285 1439 1388 1503 ann0,
1406 1441 1484 1484 cum
1501 1420 1648 1483 abbatia

817 1555 873 1607 sat
889 1545 1059 1625 opulenta
1070 1543 1267 1607 victoribus
1279 1545 1415 1624 praeda
1431 1544 1609 1625 cessisset,
1627 1563 1648 1605 a

816 1666 989 1750 regimine
1006 1666 1185 1730 austriaco
1205 1665 1382 1749 religiosis
1403 1654 1562 1730 oblatum
1583 1676 1647 1749 est,

818 1800 866 1871 ut,
880 1799 1054 1871 quotquot
1065 1790 1209 1871 vellent,
1223 1788 1257 1851 in
1271 1787 1445 1852 Galiciam
1458 1789 1649 1852 transirent

817 1920 854 1974 et
870 1910 1062 1992 abbatiam,
1075 1910 1225 1994 Tynieci
1240 1910 1380 1973 nomine
1396 1929 1509 1991 prope
1522 1909 1649 1974 Craco·

817 2031 921 2114 viam,
931 2031 1044 2095 amice
1057 2052 1136 2095 cum
1149 2031 1309 2113 pristinis
1321 2031 1498 2114 indigenis
1511 2031 1648 2094 habita-

816 2154 953 2218 toribus
965 2154 1169 2219 incolerent.
1183 2155 1335 2217 Iuvenes
1344 2155 1542 2236 Alemanni,
1553 2156 1649 2236 quod

818 2277 975 2340 oblatum
999 2287 1065 2359 est,
1087 2275 1247 2340 studiose
1270 2276 1428 2357 amplexi
1448 2287 1530 2338 sunt
1552 2285 1588 2338 et
1607 2277 1648 2338 P.

817 2399 993 2463 Henricus
1011 2419 1089 2463 cum
1106 2398 1224 2462 multis
1239 2397 1409 2462 fratribus
1426 2402 1506 2460 1800
1519 2397 1649 2481 Tynie-

818 2519 910 2585 cium
923 2522 1106 2603 profectus
1119 2533 1184 2603 est,
1201 2523 1294 2584 unde
1307 2521 1428 2584 statim
1440 2519 1648 2584 Cracoviam

818 2653 873 2706 est
889 2642 1027 2725 missuS,
1044 2643 1202 2726 linguam
1218 2642 1382 2705 Latinam
1404 2642 1439 2705 in
1460 2641 1649 2726 gymnasio

818 2764 1024 2828 academico
1046 2764 1192 2828 iuvenes
1210 2766 1387 2828 docturus,
1412 2762 1486 2828 Sed
1503 2784 1582 2828 cum
1599 2763 1649 2826 in-

819 2888 863 2948 de
875 2906 1016 2968 quoque
1026 2887 1120 2948 bello
1129 2886 1257 2949 fratres
1267 2887 1540 2968 expellerentur,
1550 2885 1651 2948 multi

819 3028 939 3072 eorum
955 3008 990 3071 in
1007 3009 1190 3071 Austriam
1206 3007 1350 3091 reversi,
1372 3028 1456 3089 pars
1476 3009 1651 3091 theologi·

819 3129 871 3193 cis
883 3130 918 3192 in
932 3129 1025 3193 univ.
1036 3130 1190 3193 Vindob.
1205 3129 1422 3212 magisteriis
1433 3128 1545 3194 functi
1557 3140 1650 3213 sunt,

819 3251 879 3313 alii
895 3251 973 3314 aliis
991 3251 1025 3315 in
1041 3252 1275 3334 monasteriis
1296 3251 1474 3316 Henricus
1496 3253 1530 3315 in
1551 3273 1651 3316 asce-

819 3373 910 3435 terio
926 3373 967 3436 B.
984 3374 1032 3436 M.
1049 3374 1092 3436 V.
1114 3376 1160 3436 ad
1178 3373 1307 3438 Scotos
1323 3373 1485 3438 Viennae
1507 3396 1558 3453 ²4·
1575 3375 1651 3439 Iun.

824 3501 900 3558 1811
928 3494 1112 3579 professus
1136 3516 1291 3577 moxque
1315 3495 1350 3558 in
1373 3496 1579 3577 parochiam
1605 3496 1651 3558 ad

820 3638 846 3680 s.
864 3617 1072 3681 Udalricum
1096 3620 1336 3681 suburbanam
1362 3628 1575 3700 cooperator
1597 3628 1652 3680 est

820 3739 958 3802 missus.
982 3739 1051 3802 Die
1073 3761 1123 3818 29.
1141 3738 1221 3802 Oct.
1243 3743 1322 3801 1818
1344 3740 1384 3802 P.
1401 3738 1549 3801 Urbano
1569 3741 1652 3801 sub·

778 3898 781 3963 ,
820 3860 916 3942 prior
947 3872 983 3924 et
1013 3860 1226 3924 novitiorum
1262 3860 1434 3943 magister
1468 3859 1651 3923 successit.

820 3982 959 4064 Quibus
979 3984 1183 4046 muneribus
1201 3982 1378 4045 abdicatis
1394 4001 1487 4044 anno
1509 3985 1589 4058 1824
1605 3981 1651 4042 ad

820 4105 1024 4186 parochiam
1034 4102 1325 4167 inWaitzendorf
1331 4102 1507 4185 migravit.
1517 4101 1651 4163 Verum

821 4226 984 4307 proximo
1000 4245 1093 4289 anno
1110 4225 1239 4289 seniori
1256 4223 1533 4287 administratori
1548 4242 1651 4303 paro-

821 4347 921 4410 chiae
945 4351 1039 4410 ads
1064 4346 1269 4409 Udalricum
1293 4344 1481 4408 adiunctus
1505 4353 1569 4425 est,
1594 4343 1651 4406 cui

821 4468 991 4533 defuncto
1019 4473 1097 4530 1828
1124 4467 1301 4549 parochus
1324 4465 1507 4529 successit.
1538 4464 1651 4527 Paulo

820 4602 904 4672 post
915 4610 1001 4654 vero
1019 4595 1099 4666 1830
1115 4590 1291 4671 parochus
1308 4586 1518 4669 designatus
1534 4597 1590 4649 est
1605 4589 1651 4650 ad

821 4734 847 4776 s,
865 4711 1093 4774 Laurentium
1115 4711 1150 4772 in
1167 4710 1456 4772 Hoebersbrunn.
1480 4707 1650 4789 Ingrave-

821 4844 943 4897 scente
966 4852 1035 4895 non
1059 4842 1132 4895 tam
1152 4842 1281 4911 aetate,
1307 4849 1412 4910 quam
1437 4827 1649 4910 infirmitate,

820 4955 1013 5038 praecipue
1024 4953 1147 5016 auditu
1157 4950 1345 5015 deficiente
1355 4950 1390 5012 in
1399 4949 1656 5042 monasterium

814 5079 932 5149 ,redux
949 5075 998 5137 ibi
1013 5074 1190 5137 habitavit
1205 5076 1320 5137 laetus
1341 5082 1376 5135 et
1395 5069 1517 5134 hilaris
1533 5069 1650 5131 animo

819 5219 931 5281 usque
959 5199 1005 5260 ad
1033 5203 1084 5262 28.
1112 5197 1201 5261 Nov.
1233 5199 1328 5278 1851,
1358 5213 1428 5274 quo
1457 5193 1513 5254 die
1541 5192 1649 5252 letum

819 5319 971 5403 oppetiit
988 5339 1100 5382 annos
1116 5332 1221 5383 natus
1238 5324 1288 5396 (19.

905 5441 1141 5522 Conscripsit:
