4034 6262
627 530 910 602 ..215-

124 714 258 797 Wolny
278 725 314 778 et
334 714 484 778 Riicker
503 713 725 796 professores

124 838 204 901 dum
220 838 314 900 clare
328 836 455 918 patuit,
471 838 518 899 ad
534 854 639 918 quem
654 844 726 899 sta-

124 958 259 1023 caverit
269 959 378 1023 Deus.
400 959 559 1022 Mentem
573 958 726 1021 subinde

124 1081 335 1163 dopositum,
356 1100 395 1144 se
410 1083 457 1144 ad
473 1081 590 1144 studia
605 1080 727 1144 iuridi-

124 1224 158 1268 :a
167 1204 407 1286 convertendi,
417 1224 461 1266 ea
469 1205 545 1267 sola
554 1205 599 1267 de
607 1222 726 1285 causa,

137 1329 208 1391 duo
227 1326 376 1390 iuvenes
392 1327 520 1409 quibus
535 1325 659 1390 intimo
675 1326 726 1389 fa·

124 1449 306 1513 ssitudinis
319 1450 535 1532 iungebatur
548 1469 654 1532 nexu,
665 1469 727 1512 na-

124 1593 193 1636 am.
216 1573 289 1636 Ast
303 1573 373 1636 alia
386 1582 488 1637 erant
500 1572 648 1636 consilia
657 1571 727 1635 Dei

124 1715 223 1761 onem
232 1696 309 1759 eius
321 1695 726 1778 etinfirmitaspectoris,

124 1829 165 1882 ‚to
187 1838 277 1882 ausu
301 1819 441 1883 obicem
461 1819 580 1902 posuit
595 1818 726 1882 fervori

124 1941 358 2024 hilosophicis‚
380 1962 545 2025 quaeque
566 1943 726 2006 etunius

124 2083 138 2126 r
164 2063 389 2146 interponere
413 2065 547 2148 coegit,
571 2066 728 2129 vocatio·

137 2184 225 2249 fecit
244 2186 477 2252 manifestam.
501 2186 729 2250 Resolutioni

124 2327 195 2372 esso
207 2310 301 2389 pede
313 2311 489 2371 accedens
497 2319 620 2372 votum
629 2309 730 2372 vovit

124 2432 159 2493 >d
175 2430 207 2493 si
218 2431 408 2494 sanitatem
424 2431 691 2513 recuperaverit
707 2452 729 2494 a

124 2553 192 2617 itus
216 2553 253 2617 in
275 2554 483 2636 gemitibus,
511 2563 624 2618 totum
647 2574 729 2618 sese

124 2675 207 2738 uelit
218 2675 472 2738 sacratioribus
484 2697 511 2739 s.
525 2677 729 2760 theologiae

124 2797 294 2861 tinisterio
309 2799 388 2879 Dei,
408 2807 448 2861 ut
468 2808 504 2861 et
524 2799 729 2862 ardentissi-

124 2921 212 2984 atris
235 2919 388 2984 satisfiat
406 2921 510 2984 votis.
542 2921 730 2985 Restituta

124 3043 196 3106 Deo
217 3043 385 3125 sanitate,
406 3063 477 3107 non
498 3054 575 3108 erat
595 3045 728 3108 delibe-

124 3165 230 3248 rplius
266 3186 371 3248 quem
406 3167 556 3251 eligeret
585 3176 727 3231 statum.

124 3289 195 3352 itae
221 3288 397 3371 regularis
424 3299 605 3353 teneretur
635 3290 728 3353 desi-

124 3430 159 3474 tn
186 3410 338 3474 dilectae
364 3411 487 3474 matris
518 3413 727 3496 sententiae,

125 3533 408 3596 ecclesiasticum
416 3534 638 3597 sacerdotem
648 3554 728 3598 con-

124 3656 215 3736 abat,
230 3674 363 3717 morem
376 3675 502 3738 gerere
513 3666 612 3720 ratus
624 3656 727 3729 filius,

124 3798 142 3841 s
159 3798 186 3842 s.
203 3779 406 3862 theologiae
427 3799 550 3842 cursus
571 3780 606 3843 in
631 3780 728 3844 insti·

124 3900 193 3982 {ico
209 3899 406 3981 episcopali
419 3901 562 3964 Brunae
574 3902 730 3965 absolvit

124 4041 223 4085 anus.
239 4021 310 4084 Ast
319 4042 398 4085 cum
407 4043 500 4087 anno
513 4029 594 4087 1838
608 4029 655 4088 13.
664 4025 728 4089 Iul.

124 4192 129 4206 .
153 4144 371 4208 materiatis
391 4148 536 4209 cederet
555 4147 728 4230 humanis,

125 4267 157 4330 is
179 4267 370 4348 impatiens
396 4270 442 4330 ad
465 4267 587 4331 limina
609 4289 728 4332 mona·

124 4437 133 4470 ,
153 4388 281 4451 comite
301 4388 504 4470 professore
524 4391 728 4474 theologiae

126 4511 205 4593 ubil,
215 4510 272 4575 cui
281 4511 642 4594 singularirevinctus
651 4523 729 4577 erat

125 4633 195 4696 lsat
216 4642 252 4696 et
267 4633 387 4715 instat,
404 4644 443 4698 ut
459 4635 674 4716 suscipiatur
693 4645 730 4698 et

125 4764 196 4837 ata,
208 4755 286 4818 fore
297 4765 337 4818 ut
349 4757 513 4820 absoluto
522 4778 615 4821 anno
628 4761 729 4822 scho-

123 4896 145 4940 o
158 4877 192 4940 ei
203 4877 345 4940 omnino
357 4880 403 4940 ad
415 4897 442 4942 s.
452 4880 611 4942 ordinem
623 4879 730 4944 ianua

124 4998 188 5082 Spe
204 5001 271 5062 hac
288 5010 429 5063 erectus
448 5003 495 5063 ad
511 5002 729 5085 theologiam

124 5121 336 5185 ¹tinuandam
351 5124 550 5207 revertitur,
567 5144 729 5206 quocum

124 5264 273 5330 ogressu
286 5245 450 5309 absoluto
464 5245 631 5310 Calendis
639 5245 729 5328 Sep·

124 5390 143 5448 9
159 5387 296 5431 sacram
311 5377 449 5430 vestem
465 5368 728 5432 benedictinam

126 5491 254 5554 anibus
266 5491 409 5554 abbatis
420 5488 577 5553 Victoris
594 5500 631 5554 et
646 5491 728 5554 tiro·

806 715 936 778 cinium
956 734 1105 778 exorsus
1130 726 1185 779 est
1208 715 1380 799 magistro
1402 716 1441 779 P.
1458 715 1636 797 Baptista.

805 836 970 900 Novitius
992 837 1128 920 egregii
1148 837 1306 921 religiosi
1329 838 1491 921 explevit
1514 849 1637 921 partes

806 968 843 1022 et
858 959 1084 1022 vocationem
1099 959 1299 1042 regularem
1320 980 1390 1023 non
1410 971 1549 1025 tantum
1564 965 1638 1047 spi-

805 1081 875 1144 ritu
890 1080 1036 1163 pietatis
1048 1090 1085 1144 et
1095 1081 1314 1166 humilitatis,
1327 1086 1391 1147 sed
1403 1094 1440 1148 et
1451 1088 1637 1169 praeclaro

804 1202 950 1287 ingenio
966 1211 1004 1267 et
1018 1204 1216 1267 eruditione
1232 1207 1488 1286 comprobavit.
1517 1209 1637 1273 Abso-

804 1325 880 1388 luto
903 1325 1079 1388 novitiatu
1101 1327 1148 1388 ad
1174 1327 1391 1410 theologiam
1417 1333 1636 1412 pastoralem

806 1445 963 1511 Brunam
982 1448 1134 1512 mittitur
1155 1459 1192 1512 et
1219 1469 1266 1513 11.
1287 1451 1376 1532 Apr.
1399 1451 1437 1515 in
1460 1453 1637 1517 dominica

805 1569 1074 1633 resurrectionis
1106 1572 1324 1635 sollemniter
1352 1574 1469 1638 emisit
1499 1575 1637 1657 profes-

806 1691 943 1755 sionem
969 1694 1036 1755 sub
1064 1713 1167 1757 sacro
1190 1693 1386 1776 pontificali
1410 1707 1447 1761 et
1469 1699 1636 1780 sequenti

806 1813 865 1878 die
887 1815 1028 1896 accepit
1049 1817 1193 1880 ordines
1215 1817 1378 1882 minores.
1408 1820 1548 1884 Primus
1570 1821 1638 1885 fuit

805 1936 888 2001 inde
898 1939 944 2000 ab
955 1938 1209 2020 antiquissimis
1221 1942 1441 2024 temporibus
1452 1945 1549 2025 apud
1561 1964 1638 2025 nos,

807 2059 868 2142 qui
891 2062 958 2123 hac
981 2061 1169 2125 occasione
1197 2065 1372 2128 cucullam
1399 2085 1463 2128 seu
1489 2065 1638 2129 floccam

808 2183 959 2264 accepit,
979 2191 1161 2265 tamquam
1176 2195 1314 2249 vestem
1329 2206 1411 2250 vere
1435 2196 1471 2251 et
1494 2190 1637 2270 proprie

807 2306 1082 2388 benedictinam,
1098 2326 1205 2388 quam
1221 2328 1315 2371 anno
1329 2312 1560 2392 praecedenti
1575 2314 1638 2375 ab·

807 2428 874 2490 bas
897 2427 1023 2491 Victor
1045 2427 1248 2492 Bievnovio
1271 2431 1454 2513 attulerat,
1481 2432 1637 2516 Raigra-

809 2549 992 2613 diensibus
1014 2550 1159 2632 penitus
1181 2551 1358 2636 ignotam,
1386 2564 1423 2617 et
1449 2574 1555 2636 quam
1578 2557 1638 2618 vel

809 2671 905 2735 ideo:
924 2670 1210 2756 „Guntherkam“
1231 2693 1361 2737 vocare
1384 2676 1529 2756 placuit.
1561 2678 1637 2741 Ab·

809 2795 926 2857 soluta
946 2795 1128 2878 theologia
1151 2815 1243 2858 anno
1265 2796 1375 2860 citato
1396 2803 1473 2877 1841
1501 2818 1527 2862 s.
1545 2800 1639 2863 ordi-

808 2918 912 2981 nibus
927 2917 1087 2981 initiatus
1103 2926 1160 2982 est
1170 2896 1216 2981 ab
1229 2920 1355 2983 excell.
1368 2921 1539 3003 episcopo
1549 2922 1638 2985 Bru-

807 3040 910 3103 nensi
931 3039 1062 3104 Gindel
1082 3042 1336 3124 (13.-1o.1ul.)
1358 3043 1418 3124 qui
1438 3044 1508 3107 iam
1531 3047 1639 3108 deno-

807 3163 962 3227 minatus
989 3163 1183 3244 episcopus
1211 3162 1404 3229 Gurcensis
1435 3176 1472 3230 et
1501 3166 1571 3229 iam
1602 3167 1639 3229 in

806 3285 1015 3366 praecinctu
1036 3286 1243 3349 discedendi
1263 3289 1310 3350 ad
1332 3308 1463 3351 novum
1483 3289 1640 3352 destina-

806 3407 913 3470 tionis
935 3408 1052 3471 locum
1073 3407 1222 3472 clericos
1237 3410 1425 3494 ordinavit,
1446 3420 1638 3494 antequam

807 3530 972 3593 examina
993 3550 1013 3594 e
1033 3532 1215 3615 theologia
1239 3533 1410 3615 pastorali
1434 3534 1638 3599 subiissent.

807 3623 987 3717 Primitias
1003 3654 1199 3718 celebravit
1214 3655 1253 3717 Ρ.
1272 3654 1477 3719 Guntherus
1493 3656 1638 3720 infesto

807 3776 1006 3840 nativitatis
1021 3777 1062 3841 B.
1079 3778 1128 3841 M.
1137 3778 1181 3841 V.
1197 3779 1233 3841 in
1250 3779 1403 3843 ecclesia
1423 3790 1544 3843 nostra
1564 3799 1638 3842 mo-

807 3899 1005 3973 nasteriali;
1022 3920 1087 3982 pro
1104 3901 1274 3965 concione
1291 3901 1382 3964 dixit
1397 3902 1437 3966 P.
1455 3901 1636 3985 Aloysius.

807 4024 946 4086 Morum
955 4023 1135 4106 gravitate
1148 4032 1185 4086 et
1196 4022 1431 4106 religiositate
1443 4043 1513 4086 non
1522 4024 1637 4086 minus

808 4165 914 4227 quam
941 4146 1140 4210 eruditione
1163 4145 1239 4208 eius
1265 4155 1382 4208 motus
1404 4147 1518 4208 abbas
1540 4145 1638 4207 illum

808 4287 872 4349 pro
893 4267 1099 4349 professura
1119 4266 1300 4349 religionis
1320 4265 1357 4329 in
1376 4266 1540 4330 instituto
1561 4267 1638 4348 phi·

807 4390 990 4472 losophico
1011 4389 1188 4452 Brunensi
1210 4389 1305 4451 illico
1329 4388 1532 4470 destinavit,
1557 4408 1637 4452 cum

807 4513 988 4594 professor
1002 4512 1106 4574 huius
1118 4511 1159 4575 P.
1172 4510 1352 4574 Antonius
1363 4511 1638 4594 Raigradiensis

807 4645 950 4718 optaret
965 4634 1103 4697 absolvi
1125 4643 1162 4697 et
1181 4635 1228 4697 ad
1243 4633 1496 4697 monasterium
1511 4634 1638 4698 redire.

808 4757 879 4821 Ast
895 4776 974 4821 cum
990 4775 1094 4819 nemo
1110 4764 1216 4836 esset,
1237 4756 1297 4837 qui
1314 4755 1349 4818 in
1364 4756 1535 4838 parochia
1549 4755 1638 4819 Rai-

808 4880 989 4963 gradiensi
1003 4880 1120 4942 locum
1132 4878 1375 4960 cooperatoris
1391 4878 1576 4960 suppleret
1590 4879 1637 4940 ad

807 5021 934 5064 munus
957 5003 1024 5065 hoc
1048 5001 1248 5064 destinatus
1275 5009 1331 5063 est
1354 4999 1560 5065 Guntherus
1586 5004 1638 5064 26.

809 5124 909 5205 Sept.
929 5127 1021 5202 1843.
1043 5123 1195 5186 Duobus
1214 5121 1317 5184 annis
1337 5132 1421 5204 post
1440 5122 1586 5185 tandem
1602 5121 1636 5184 in

807 5247 924 5309 locum
939 5245 979 5307 P.
996 5244 1144 5307 Antonii
1165 5242 1347 5326 professor
1365 5244 1537 5326 supplens
1557 5242 1638 5304 reli-

808 5368 924 5453 gionis
944 5376 981 5429 et
996 5366 1268 5451 paedagogicae
1288 5365 1459 5429 suffectus
1479 5375 1543 5445 est,
1566 5384 1637 5446 quo

808 5491 844 5553 in
858 5507 1003 5553 munere
1018 5509 1085 5570 per
1100 5491 1288 5552 decursum
1303 5488 1405 5552 lustri
1425 5485 1637 5550 affabilitate
