4088 6270
745 493 1026 582 „135-

139 695 229 757 latus.
250 695 325 757 Nec
342 695 393 759 sic
410 705 529 759 tamen
546 718 567 759 a
583 695 841 779 prosequendis

139 836 206 880 rum
222 817 348 880 studiis
366 819 556 881 deterritus
570 819 645 883 fuit.
670 818 858 881 Catenam'

139 939 361 1002 :ommentarii
381 939 417 1002 in
433 942 593 1023 regulam
610 961 637 1004 s.
654 940 840 1004 Benedicti

146 1063 310 1143 parabat,
339 1061 499 1125 collectis
522 1063 593 1125 iam
620 1064 738 1127 multis
766 1063 841 1126 eius

139 1204 152 1246 s
166 1182 308 1246 ineditis
325 1185 503 1265 operibus.
521 1186 580 1247 Ad
594 1186 842 1249 illustrandam

139 1325 188 1368 am
200 1303 449 1369 Germanicam
466 1307 573 1370 etiam
595 1308 716 1390 aliqua
737 1311 858 1379 colle·‚

139 1448 201 1491 iem
222 1429 380 1492 laborem
396 1431 713 1494 reverendissimus
729 1435 842 1495 abbas

139 1569 184 1612 rus
200 1549 234 1612 in
252 1570 317 1613 sua
329 1552 442 1614 veteri
457 1552 600 1635 liturgia
610 1554 843 1617 Alemannica

139 1671 195 1753 ita,
220 1672 527 1755 disquisitionibus
551 1676 721 1758 praeviis,
749 1678 842 1740 notis

139 1794 373 1858 ervationibus
390 1795 586 1879 inlustrata,
604 1800 746 1862 abunde
759 1820 842 1882 sup·

151 1917 302 1981 Demum
314 1918 498 1981 historiam
511 1921 742 2002 episcopatus
752 1921 842 1985 Con·

139 2039 217 2102 ursis
241 2041 396 2104 scribere
423 2042 622 2124 cogitabat,
651 2044 842 2107 communi-

140 2182 195 2224 um
220 2163 368 2226 eruditis
396 2164 472 2226 eius
501 2166 620 2246 operis
647 2177 842 2248 conspectu

139 2304 272 2359 excus0;
296 2305 419 2348 verum
440 2287 475 2350 in
496 2289 612 2351 medio
632 2290 699 2352 hoc
721 2291 842 2391 labore

139 2409 228 2470 *ardo
255 2409 362 2490 longe
391 2410 514 2472 melior
541 2431 617 2473 sors
648 2410 779 2494 obtigit
806 2422 842 2474 et

139 2547 156 2590 o
176 2530 360 2611 perampla
376 2542 451 2593 tum
468 2532 676 2594 eruditionis
693 2533 841 2614 copiam,

139 2671 153 2712 n
181 2653 289 2713 rebus
320 2652 470 2735 agendis
502 2653 665 2734 peritiam
700 2655 841 2736 publice

139 2772 176 2835 di.
205 2773 266 2836 Ab
289 2776 421 2837 abbate
444 2775 636 2839 Francisco
660 2777 704 2839 ΙΙ.
728 2778 842 2859 primo

139 2914 210 2957 ram
227 2897 437 2959 electionem
453 2918 546 2960 anno
570 2899 606 2960 in
625 2900 841 2962 sacellanum

139 3026 231 3097 ptus,
246 3030 282 3080 et
295 3039 388 3081 anno
400 3020 565 3101 sequenti
578 3027 657 3099 1728
667 3021 842 3085 Viennam

139 3140 231 3222 ·fuit,
254 3141 359 3223 eique
383 3143 570 3205 commissa
592 3155 675 3206 sunt
698 3145 843 3227 negotia

140 3283 172 3326 m
197 3264 420 3347 Brisgoviae,
449 3286 519 3347 quo
546 3267 581 3328 in
608 3286 751 3329 munere
779 3287 843 3350 per

146 3387 225 3466 plus
250 3407 355 3468 quam
380 3387 523 3470 viginti,
551 3389 699 3470 patriae,
724 3409 842 3452 mona-

139 3517 171 3569 et
187 3507 267 3570 aliis
282 3509 443 3590 plurimis
465 3511 542 3591 pari
564 3511 778 3573 dexteritate
800 3531 841 3573 ac

139 3648 187 3710 su,
204 3649 270 3692 nec
287 3630 411 3694 minori
429 3651 508 3694 cum
524 3633 630 3694 laude
647 3644 683 3694 et
698 3633 842 3714 publica

139 3760 244 3833 atque
274 3762 380 3815 antea
411 3753 615 3817 notissimus
638 3755 677 3817 P.
700 3755 841 3817 Blasius

139 3892 155 3934 r
170 3873 279 3936 variis
296 3885 332 3937 et
347 3875 569 3957 gravissimis
587 3876 620 3937 in
636 3879 743 3939 rebus
760 3897 841 3958 pro-

139 3998 233 4074 luare
255 3999 369 4059 abbas
390 3997 602 4061 Franciscus
624 3999 659 4061 in
682 4000 841 4062 testimo·

139 4119 321 4181 neritorum
334 4140 427 4182 anno
446 4126 524 4199 1732
541 4122 575 4202 in
591 4122 734 4202 publico
745 4122 840 4203 capi·

139 4241 288 4304 ellerarii
311 4243 431 4325 magni
451 4243 591 4305 titulum
613 4244 645 4306 ei
668 4244 840 4307 attribuit.

139 4363 184 4423 ori
192 4363 326 4425 honore
336 4364 505 4446 dignatus
518 4378 573 4427 est
587 4387 608 4427 a
621 4386 765 4429 caesare
775 4365 841 4428 Ca-

139 4481 174 4564 I.,
191 4483 295 4546 titulo
311 4485 447 4548 scilicet
464 4487 653 4549 consiliarii
676 4499 711 4550 et
732 4487 841 4551 histo-

139 4604 193 4685 phi
222 4607 397 4688 caesarei,
426 4629 534 4671 aureo
560 4610 704 4691 insuper
731 4611 842 4672 numi-

145 4727 294 4809 gemmis
316 4738 440 4791 omato
462 4731 660 4812 decoratus,
678 4734 772 4813 quod
796 4734 841 4794 ad

139 4848 243 4911 talem
252 4849 406 4913 familiae
418 4872 503 4913 suae
515 4852 664 4934 gloriam
676 4855 842 4936 genealo-

139 4969 387 5051 liplomaticam
404 4984 578 5055 augustae
594 4975 713 5055 gentis
725 4976 842 5037 Habs-

141 5111 181 5153 ae
197 5092 364 5173 publicae
381 5094 449 5157 luci
465 5095 672 5177 reddiderit,
690 5116 780 5177 opus
796 5099 842 5159 ab

139 5234 160 5275 s
176 5214 322 5277 maximi
344 5215 578 5297 aestimatum,
600 5238 679 5279 cum
700 5228 843 5298 praeter

139 5355 185 5397 ae
201 5336 322 5418 gentis
339 5336 494 5419 origines
511 5358 668 5420 eousque
689 5339 842 5402 incertas

139 5457 358 5537 plomaticam
368 5456 580 5521 Germaniae
595 5459 642 5521 ibi
655 5460 842 5540 plurimum

923 695 1180 760 dilucidaverit.
1198 697 1436 762 Adversarios
1448 708 1578 780 autem,
1594 698 1670 762 fato
1683 719 1756 762 om·

922 816 1027 880 nibus
1059 818 1206 881 eruditis
1239 821 1430 902 communi,
1462 822 1581 903 plures
1614 841 1754 903 quoque

922 950 1048 1003 nactus
1058 950 1122 1021 est,
1133 942 1343 1022 praesertim
1351 942 1528 1005 Murensis
1541 943 1576 1005 in
1587 943 1755 1007 Helvetia

922 1062 1088 1125 asceterii
1103 1065 1274 1144 alumnos
1292 1064 1391 1126 cuius
1403 1074 1484 1127 acta
1497 1065 1591 1128 circa
1604 1068 1754 1129 eandem

922 1185 1171 1267 genealogiam
1192 1184 1226 1248 in
1247 1186 1392 1248 dubium
1408 1187 1561 1250 vocavit.
1590 1187 1755 1250 Praecla·

922 1305 1061 1368 rissimo
1087 1305 1168 1368 huic
1196 1307 1295 1388 operi
1322 1317 1451 1388 postea'
1474 1307 1606 1371 adiecit
1632 1329 1753 1371 monu-

923 1438 1042 1491 menta
1075 1430 1199 1491 domus
1228 1429 1520 1513 Habsburgicae,
1553 1451 1681 1512 nempe
1709 1431 1754 1493 si·

922 1551 1009 1633 gilla
1034 1551 1233 1633 principum
1259 1552 1442 1632 Austriae,
1471 1555 1753 1616 nummothecam

922 1683 959 1736 et
975 1673 1242 1755 pinacothecam
1260 1676 1304 1736 de
1322 1674 1456 1737 eisdem
1470 1695 1550 1737 cum
1562 1677 1754 1758 taphogra·

922 1795 1007 1876 phia
1031 1814 1094 1857 seu
1119 1796 1353 1858 monumentis
1379 1796 1653 1878 sepulcralibus,
1679 1795 1754 1878 qui-

922 1919 988 1980 bus
1010 1919 1124 1980 abbas
1144 1917 1320 1980 Martinus
1338 1917 1492 1981 Gerbert
1513 1918 1676 1980 adiunxit
1697 1937 1754 1980 co-

922 2039 1037 2103 dicem
1050 2040 1280 2122 epistularem
1292 2041 1476 2122 Rudolphi
1485 2042 1511 2104 I.
1526 2040 1626 2122 Quae
1636 2060 1754 2122 sump-

922 2172 1025 2225 tuosa
1046 2181 1156 2243 opera
1177 2163 1274 2245 typis
1295 2163 1424 2243 partim
1441 2163 1752 2245 Friburgensibus,

922 2284 1051 2364 partim
1067 2284 1332 2348 Viennensibus
1356 2294 1392 2346 et
1416 2283 1693 2348 San-Blasianis
1717 2285 1752 2348 in

922 2408 1037 2469 lucem
1058 2406 1275 2488 prodierunt.
1299 2407 1461 2469 Viennae
1482 2409 1597 2470 adhuc
1622 2408 1753 2470 consti-

922 2538 1020 2591 tutus
1039 2538 1075 2591 et
1092 2530 1136 2591 de
1153 2530 1292 2591 edenda
1305 2529 1340 2591 in
1352 2529 1533 2609 publicum
1548 2530 1752 2593 monasterii

922 2649 1171 2714 San-Blasiani
1187 2651 1334 2713 historia
1347 2650 1528 2732 sollicitus,
1546 2651 1580 2712 in
1597 2651 1752 2733 origines

922 2772 1081 2835 eiusdem
1096 2792 1161 2853 pro
1174 2792 1238 2834 sua
1251 2773 1286 2834 in
1298 2773 1475 2834 historicis
1488 2772 1615 2853 peritia
1627 2774 1752 2835 sedulo

922 2895 1120 2977 inquisivit,
1148 2898 1240 2957 bene
1267 2896 1408 2957 omnino
1436 2895 1628 2958 arbitratus
1636 2944 1645 2976 ,
1674 2895 1751 2958 istis

922 3018 1031 3080 semel
1047 3018 1198 3080 detectis
1218 3019 1313 3080 haud
1334 3020 1481 3080 arduum
1497 3038 1562 3080 nec
1580 3017 1770 3080 coenobio.

922 3160 949 3202 s.
966 3141 1077 3203 Blasii
1094 3141 1282 3223 inglorium
1298 3140 1385 3221 fore,
1402 3141 1577 3223 integram
1592 3140 1751 3202 eiusdem

922 3262 1105 3325 historiam
1122 3263 1343 3344 concinnare,
1368 3263 1467 3326 cuius
1491 3263 1571 3325 libri
1592 3263 1750 3325 ordinem

923 3394 958 3448 et
982 3385 1165 3448 materiam
1189 3385 1266 3467 ipse
1292 3384 1467 3466 disposuit
1491 3385 1526 3447 in
1555 3394 1750 3466 conspectu

922 3507 1005 3569 novi
1018 3507 1137 3588 operis
1149 3509 1195 3569 ad
1207 3509 1428 3570 monasticon
1439 3506 1750 3581 San-Blasianum;

921 3648 1045 3691 verum
1072 3629 1190 3710 operis
1218 3629 1326 3691 editio
1349 3629 1457 3691 variis
1482 3650 1528 3691 ex
1552 3630 1669 3692 causis
1697 3638 1752 3692 est

921 3751 1131 3815 intermissa.
1156 3749 1273 3814 Scena
1288 3772 1404 3814 rerum
1425 3752 1460 3813 in
1480 3753 1561 3814 aula
1583 3771 1750 3814 caesarea

921 3874 987 3936 sub
1000 3873 1191 3936 Francisco
1205 3871 1389 3957 Stephano
1403 3893 1557 3954 caesare,
1576 3883 1612 3935 et
1623 3893 1750 3955 regno-

920 4015 996 4057 rum
1012 3995 1182 4059 Austriae
1203 4006 1419 4079 conregente
1440 3997 1586 4058 multum
1603 4004 1748 4074 mutata,

922 4139 1071 4201 cumque
1089 4119 1231 4180 ordines
1252 4139 1314 4180 seu
1336 4128 1450 4180 status
1473 4117 1658 4180 anterioris
1676 4118 1751 4180 Au-

922 4240 1040 4320 striae,
1064 4259 1211 4322 quorum
1231 4240 1377 4322 negotia
1393 4239 1538 4302 iunctim
1556 4241 1751 4321 quaerebat

921 4363 1175 4444 MarquarduS,
1204 4362 1296 4425 inter
1322 4382 1402 4424 sese
1425 4363 1584 4444 graviter
1607 4362 1751 4424 collide-

921 4497 1051 4564 rentur,
1064 4484 1204 4546 Vienna
1216 4484 1265 4546 illi
1282 4485 1547 4547 abscedendum
1560 4494 1596 4546 et
1609 4485 1750 4546 domum

921 4607 1149 4669 remeandum
1159 4605 1235 4686 fuit,
1249 4626 1341 4668 anno
1359 4627 1450 4688 1749,
1458 4607 1644 4669 Meinrado
1657 4606 1751 4688 prin-

922 4729 1002 4811 cipe
1018 4729 1064 4789 ad
1081 4730 1220 4790 clavum
1236 4728 1394 4808 sedente,
1411 4749 1432 4789 a
1445 4748 1526 4810 qu0,
1544 4728 1593 4791 uti
1611 4749 1633 4790 a
1649 4748 1751 4809 prae·

923 4853 1110 4912 decessore
1124 4848 1326 4912 Coelestino
1339 4849 1374 4911 in
1387 4849 1504 4912 officio
1516 4849 1613 4913 vices
1625 4870 1751 4933 geren-

922 4972 968 5035 tis
985 4970 1221 5051 confirmatuS,
1238 4980 1274 5034 et
1290 4971 1518 5052 praepositus
1534 4973 1569 5034 in
1585 4973 1751 5034 Krotzin·

921 5114 992 5176 gen
1008 5093 1190 5155 institutus
1203 5102 1267 5174 est,
1284 5093 1344 5155 ubi
1358 5106 1500 5175 praeter
1512 5094 1631 5157 studia
1644 5095 1749 5156 etiam

923 5237 1010 5298 apes
1027 5226 1062 5278 et
1078 5236 1195 5278 moros
1208 5216 1338 5297 colens,
1354 5215 1542 5297 hospitalis
1554 5230 1590 5280 et
1602 5237 1750 5300 genero-

923 5358 993 5419 sus,
1010 5339 1045 5401 in
1061 5342 1155 5401 bona
1171 5349 1356 5401 senectute
1372 5341 1524 5401 adversa
1540 5341 1655 5402 adhuc
1672 5359 1750 5420 per·

921 5480 1049 5542 pessus
1066 5460 1227 5523 mortalia
1247 5461 1390 5542 reliquit
1410 5461 1468 5524 die
1490 5484 1518 5541 9.
1536 5460 1615 5524 Oct.
1638 5460 1750 5541 ipsius

1492 5578 1524 5626 24
