4088 6270
996 476 1278 563 „508-

274 679 364 757 1853,
378 675 570 737 earundem
584 674 849 755 disciplinarum
858 675 1099 756 professuram

268 798 303 860 in
333 795 537 859 monasterii
573 795 761 878 gymnasio
792 795 967 878 suscepit,
1003 798 1099 878 quod

269 941 395 984 munus
412 939 524 1000 usque
540 920 656 982 adhuc
673 918 835 982 sustinet.

354 1041 575 1122 Conscripsit
587 1043 633 1104 ad
646 1050 911 1124 programmata
920 1039 1098 1124 gymnasii

268 1168 314 1229 ad
331 1155 474 1229 Scotos:
505 1257 508 1263 .

353 1294 376 1349 Ι.
401 1295 459 1349 Pro
476 1310 554 1347 anno
576 1289 670 1363 1858:
695 1289 941 1346 Geschichtliche
956 1287 1099 1344 Abhand·

269 1399 340 1472 lung
350 1395 425 1453 iiber
435 1396 578 1452 Heinrich
589 1396 627 1451 Il.
636 1396 842 1471 Jasomirgott.
851 1390 880 1471 (i.
888 1412 914 1450 e.
925 1394 1099 1468 Disputatio

268 1503 411 1560 historica
429 1501 466 1557 de
485 1501 618 1556 Henrico
632 1499 669 1554 ll.
688 1500 868 1572 cognomine
879 1494 1099 1575 Jasomirgott.)

354 1606 391 1662 Il.
409 1606 468 1661 Pro
481 1622 559 1659 anno
574 1603 669 1676 1870:
686 1601 888 1676 Begriindung
901 1601 955 1658 des
968 1599 1099 1657 Succes-

268 1711 474 1767 sionsrechtes
487 1709 542 1765 der
552 1706 753 1781 Habsburger
765 1705 818 1762 aul
827 1706 884 1762 den
898 1706 1099 1780 ungarischen

268 1815 374 1871 'l‘hron
391 1814 484 1869 durch
501 1813 683 1869 Maximilian
696 1813 717 1866 l.
735 1808 765 1888 (i.
776 1829 802 1866 e.
813 1810 1007 1885 Argumentis
1018 1828 1099 1867 com·

268 1917 415 1995 probatur
442 1919 487 1974 ius
514 1918 717 1973 successionis
749 1915 905 1991 dynastiae
933 1912 1098 1989 Habsburg

267 2041 323 2098 per
338 2022 570 2078 Maximilianum
587 2021 609 2077 l.
628 2023 656 2077 in
673 2038 769 2095 regno
786 2015 984 2097 Hungaric0.)

353 2142 548 2203 Praeterea
565 2137 790 2219 conscripsit:

353 2268 408 2323 Ill.
438 2268 546 2340 Einige
574 2266 724 2322 herzliche
752 2264 878 2332 Worte,
906 2261 973 2319 dem
997 2263 1098 2319 Herm

267 2372 392 2428 Wenzcl
409 2369 562 2438 Welleba‚
584 2367 777 2425 Schullehrer
797 2387 833 2423 zu
854 2366 1024 2433 Frdschau‚
1046 2385 1098 2421 zur

266 2475 440 2534 feierlichen
466 2471 647 2547 Ucbergabe
674 2472 728 2528 des
751 2470 902 2527 silbemen
924 2471 1098 2527 Verdienst·

266 2584 394 2638 kreuzes
411 2581 464 2635 mit
479 2579 532 2634 der
548 2579 652 2633 Krone
668 2595 715 2633 am
737 2591 783 2632 12.
798 2577 822 2631 F
824 2574 935 2632 ebruar
951 2572 1029 2646 1865
1044 2593 1097 2648 ge·

269 2687 397 2743 widmet.
415 2681 444 2761 (i.
460 2703 487 2739 e.
501 2681 608 2739 Sermo
625 2676 845 2758 occasionalis.)
860 2695 875 2736 2
888 2679 939 2736 fol.
953 2685 995 2752 4⁰.
1005 2680 1097 2735 Vien-

268 2809 333 2858 nae,
355 2787 445 2861 1865‚
464 2789 543 2862 typis
559 2786 671 2872 Anton.
688 2784 866 2859 Schweiger
881 2797 911 2841 et
927 2785 1034 2860 Comp.

351 2917 511 2990 Wenin
543 2927 827 2989 Lambertus
859 2924 1096 3007 (Altenbur-

266 3047 432 3131 gensis),
449 3044 554 3108 Tirol.
572 3044 674 3125 LaaS,
691 3045 749 3106 die
763 3041 924 3124 21.Sept.
940 3047 1015 3105 1831
1034 3063 1096 3104 na·

266 3182 333 3251 tus,
350 3189 377 3231 s.
394 3168 517 3230 habitu
534 3166 592 3229 die
609 3189 655 3230 11.
670 3166 748 3229 Oct.
767 3171 847 3243 1859
860 3166 1015 3245 indutus,
1028 3166 1097 3227 sol-

266 3291 395 3355 lemnia
419 3299 504 3353 uota
532 3289 589 3350 die
618 3308 664 3367 17.
689 3287 784 3369 Aug.
814 3291 890 3349 1861
923 3285 1039 3348 emisit
1062 3294 1098 3347 et

268 3413 468 3479 sacerdotio
496 3411 727 3492 inauguratus
756 3411 812 3472 die
837 3416 866 3472 3.
892 3410 986 3491 Aug.
1019 3413 1094 3472 1862

266 3538 415 3621 primum
440 3555 465 3596 s,
483 3533 612 3595 missae
628 3531 839 3593 sacrificium
854 3531 933 3593 Deo
957 3529 1095 3619 obtulit,

265 3657 384 3720 Variis
400 3655 536 3737 officiis,
560 3664 699 3735 utpote:
725 3652 967 3734 cooperatoris
989 3663 1025 3714 et
1045 3652 1097 3713 bi-

266 3777 488 3843 bliothecarii
500 3777 535 3838 in
549 3776 763 3838 monasterio
776 3794 889 3856 usque
906 3776 952 3837 ad
965 3795 1095 3837 annum

270 3906 368 3982 1865,
394 3903 440 3962 ab
468 3919 561 3962 anno
593 3903 764 3977 1865—71
795 3897 1038 3979 cooperatoris
1061 3898 1097 3959 in

265 4023 516 4103 Riihrenbach,
541 4020 693 4101 denique
717 4022 763 4081 ab
785 4040 877 4082 anno
899 4025 974 4099 1871
996 4040 1097 4101 prae·

266 4146 352 4209 fecti
376 4145 543 4205 silvarum
568 4142 603 4204 in
629 4141 843 4204 monasterio
870 4142 1098 4204 laudabiliter

266 4269 418 4348 functuS,
435 4266 556 4327 diesi.
571 4264 634 4326 Iul.
653 4268 730 4341 1872
750 4263 784 4324 in
801 4263 927 4325 itinere
935 4263 1097 4327 Venetiis

269 4389 461 4472 apoplexia
478 4396 594 4448 tactus
611 4386 709 4449 obiit.
734 4384 898 4466 Scripsit:

352 4512 589 4585 Ehren·Klzinge
613 4532 648 4566 zu
674 4508 736 4566 Abt
756 4510 910 4566 Honorius
932 4509 1097 4586 Jubelleste

267 4638 312 4675 am
330 4632 380 4689 31.
395 4616 473 4689 Aug.
491 4614 570 4688 1867
588 4616 632 4670 als
649 4615 707 4670 den
720 4615 790 4688 Tag
806 4617 906 4670 seiner
919 4615 1098 4688 25jahrigen

267 4720 526 4780 Abtens-Wiirde
555 4721 592 4774 im
621 4718 913 4775 Benedictinerstilte
936 4717 981 4774 St.
1006 4719 1097 4774 Lam-

266 4827 373 4883 brecht
389 4847 424 4881 zu
441 4822 618 4898 Altenburg.
644 4825 701 4879 Ein
718 4823 921 4897 Festgedicht.
940 4820 969 4900 (i.
983 4842 1009 4880 e.
1023 4823 1098 4880 Car·

266 4951 333 4989 men
356 4932 482 5005 lyricum
506 4931 535 4984 in
560 4929 704 4984 honorem
728 4926 848 4983 abbatis
869 4927 997 4982 Honorii
1021 4926 1097 4983 iubi-

266 5032 375 5114 lantis.)
398 5035 495 5098 Wien‚
523 5031 612 5105 1867.
639 5030 1029 5087 lllechitharisten-Buchdr.
1055 5030 1097 5087 8⁰.

352 5170 744 5254 WenzelAndreas
767 5190 970 5270 Iosephus
992 5188 1098 5271 (Sco-

265 5310 429 5391 tensis),
459 5309 494 5371 in
522 5311 635 5371 lucem
660 5309 777 5371 editus
805 5318 860 5370 est
882 5308 1044 5371 Viennae
1067 5331 1097 5386 4.

266 5431 370 5491 Mart.
398 5435 476 5509 1759
498 5451 519 5491 a
540 5431 748 5511 parentibus
769 5429 946 5511 honestiS,
970 5439 1008 5492 at
1033 5449 1098 5492 nec

1179 696 1312 758 genere
1321 696 1387 739 nec
1396 653 1539 739 fortuna
1549 676 1763 760 conspicuis.
1781 677 1992 742 Enituitvero

1178 817 1262 860 mox
1278 797 1458 880 singulare
1474 798 1577 879 pueri
1600 798 1784 881 ingenium
1801 798 1862 880 ita,
1883 809 1920 863 ut
1937 821 1994 862 ma·

1179 919 1300 1002 gistris
1316 920 1455 1002 piarum
1471 921 1681 1003 scholarum,
1703 920 1837 984 deinde
1853 922 1993 1003 patribus

1180 1041 1363 1105 societatis
1390 1043 1472 1105 Iesu
1504 1043 1720 1105 erudiendus
1750 1044 1993 1124 traderetur,a

1180 1163 1308 1245 quibus
1325 1164 1489 1227 excultus
1505 1183 1649 1227 emenso
1672 1184 1781 1227 cursu
1795 1165 1994 1248 philosophi·

1180 1304 1222 1347 co
1238 1287 1358 1348 theses
1375 1287 1548 1367 quasdam
1564 1287 1708 1368 publice
1726 1285 1891 1350 defendit
1904 1287 1993 1370 idque

1180 1415 1280 1469 tanta
1297 1407 1523 1489 dexteritate,
1546 1418 1586 1471 ut
1601 1417 1749 1490 postero
1766 1418 1927 1490 tempore
1940 1410 1995 1472 iam

1179 1526 1225 1589 ad
1243 1527 1371 1591 Scotos
1394 1529 1578 1610 professus
1602 1529 1732 1592 artium
1755 1529 1951 1593 liberalium
1968 1542 1995 1593 et

1148 1648 1426 1730 philosophiae
1465 1651 1671 1714 doctoribus
1711 1652 1994 1715 adnumeraretur.

1182 1770 1403 1834 Adolescens
1430 1772 1688 1853 septemdecim
1714 1793 1890 1836 annorum
1914 1793 1996 1836 sanc·

1180 1904 1238 1955 tae
1255 1893 1537 1956 conversationis
1552 1894 1715 1957 habitum
1732 1894 1913 1976 quaesivit
1927 1895 1996 1958 faci-

1178 2016 1284 2096 leque
1300 2015 1505 2112 impetravit
1526 2021 1573 2079 13.
1593 2017 1791 2080 Novembr.
1813 2023 1904 2097 1776.
1926 2017 1996 2081 Cum

1184 2157 1230 2199 12.
1248 2137 1352 2200 Mart.
1374 2142 1452 2217 1783
1474 2158 1501 2200 5.
1518 2138 1755 2220 professionis
1772 2139 1915 2203 vinculo
1933 2159 1995 2202 sese

1179 2258 1431 2321 adstrinxisset
1455 2259 1610 2321 familiae
1635 2258 1848 2343 Scotorum,
1873 2262 1995 2324 nonita

1178 2381 1288 2442 multo
1304 2392 1389 2461 post
1404 2391 1591 2463 neomysta
1602 2381 1784 2463 primitias
1796 2382 1876 2445 Deo
1888 2382 1995 2445 obtulit

1179 2522 1229 2565 22.
1250 2502 1326 2565 Iun.
1353 2507 1443 2582 1783.
1467 2501 1659 2566 Strenuum
1682 2503 1768 2567 dein
1791 2504 1868 2589 egit
1888 2523 1995 2586 coope-

1177 2633 1330 2687 ratorem
1346 2625 1382 2687 in
1399 2637 1520 2688 erecta
1536 2634 1611 2688 tum
1627 2646 1724 2688 nova
1740 2627 1936 2709 parochiali
1951 2646 1994 2689 ec·

1177 2747 1286 2809 clesia
1297 2748 1344 2809 ad
1356 2768 1382 2810 5.
1393 2747 1632 2830 Laurentium,
1646 2747 1709 2829 qui
1722 2768 1874 2830 campus
1887 2748 1995 2811 dicitur

1177 2867 1380 2950 Scotorum,
1411 2873 1587 2949 1786—98.
1612 2868 1702 2933 Cum
1727 2871 1813 2934 dein
1837 2871 1873 2933 in
1896 2889 1994 2933 mona·

1177 2990 1285 3053 sterio
1298 3000 1443 3054 curatus
1451 2991 1579 3054 fuisset
1586 3001 1670 3055 octo
1679 3012 1748 3074 per
1757 3012 1882 3074 annos,
1891 2993 1994 3055 Benno

1177 3115 1290 3175 abbas
1299 3114 1490 3195 parochiae
1503 3133 1583 3176 eum
1595 3114 1776 3197 praefecit
1789 3117 1993 3178 suburbanae

1178 3236 1223 3296 ad
1241 3254 1267 3298 5.
1281 3235 1488 3298 Udalricum
1510 3240 1599 3298 1806.
1624 3236 1742 3299 Paulo
1758 3247 1845 3320 post
1857 3234 1994 3319 praefec-

1178 3367 1236 3418 tus
1252 3357 1336 3420 novi
1352 3378 1381 3421 c.
1394 3378 1420 3420 r.
1435 3357 1614 3441 gymnasii
1627 3358 1844 3441 designatus
1857 3368 1918 3423 est
1938 3357 1993 3418 Ve-

1178 3501 1253 3542 rum
1271 3481 1316 3542 ad
1333 3499 1459 3542 munus
1474 3481 1591 3561 ipsum
1604 3500 1675 3543 non
1689 3483 1861 3556 accessit;
1878 3488 1993 3544 mortuo

1178 3601 1270 3664 enim
1295 3602 1466 3664 Bennone
1490 3602 1633 3682 abbate,
1658 3601 1813 3665 fratrum
1836 3600 1992 3683 suffragiis

1177 3724 1290 3784 abbas
1318 3723 1454 3785 electus
1479 3732 1534 3785 est
1560 3727 1608 3787 18.
1624 3723 1702 3787 Iun.
1732 3729 1813 3805 1807
1839 3734 1875 3788 et
1896 3721 1992 3786 infulis

1177 3844 1442 3926 pontificalibus
1455 3844 1640 3907 redimitus
1654 3867 1684 3924 9.
1699 3846 1798 3929 Aug.
1822 3848 1895 3910 Iam
1910 3842 1991 3906 nimis

1177 3966 1329 4028 caeteris
1354 3985 1477 4029 omnes
1499 3986 1602 4029 curas
1623 3969 1671 4029 ad
1692 3969 1930 4031 adornandam
1943 3967 1989 4026 bo·

1177 4108 1300 4150 narum
1312 4087 1510 4149 litterarum
1523 4088 1744 4168 palaestram
1758 4089 1904 4152 eontulit
1915 4105 1987 4150 eam·

1178 4230 1246 4291 que
1262 4209 1385 4272 fovere
1402 4219 1438 4271 et
1454 4218 1656 4271 sustentare
1678 4211 1726 4272 ad
1744 4220 1931 4274 extremam
1944 4227 1985 4268 us·

1178 4350 1247 4413 que
1262 4332 1372 4394 vitam
1389 4351 1459 4393 non
1474 4331 1588 4394 desiit.
1612 4332 1845 4414 Iampridem
1858 4333 1983 4414 inclytat

1178 4427 1333 4516 nationis
1357 4453 1569 4516 Austriacae
1594 4473 1680 4516 mox
1705 4453 1905 4518 Saxonicae
1923 4470 1983 4534 pro

1179 4587 1334 4658 curator,
1358 4574 1539 4637 facultatis
1561 4574 1835 4658 philosophicae
1858 4578 1982 4637 decanus

1178 4719 1242 4780 pro
1263 4702 1473 4777 1807—1808
1495 4697 1630 4759 electus
1656 4706 1693 4760 et
1718 4718 1748 4760 c.
1765 4719 1792 4761 r.
1810 4697 1911 4761 studii
1928 4691 1982 4775 phi·

1177 4820 1351 4902 losophici
1368 4820 1603 4882 vicedirector
1624 4820 1843 4884 constitutus
1865 4829 1921 4882 est.
1942 4814 1982 4877 Ad

1180 4944 1274 5024 quod
1296 4948 1342 5006 18.
1359 4941 1407 5003 M.
1430 4948 1509 5020 1809
1526 4941 1721 5024 theologici
1744 4963 1883 5025 quoque
1903 4933 1982 5002 studii

1180 5065 1497 5128 vicedirectoratus
1522 5065 1687 5126 accessit.
1721 5065 1849 5148 Neque
1870 5076 2001 5127 suorum-

1179 5188 1331 5249 salutem
1356 5184 1518 5268 neglexit
1541 5186 1816 5251 etcalamitoso
1839 5189 1895 5251 illo
1915 5199 1983 5247 anno

1184 5315 1262 5387 1809
1279 5329 1349 5372 11011
1366 5308 1440 5369 51115
1460 5317 1598 5371 tantum
1621 5310 1688 5371 sed
1714 5311 1851 5373 exteris
1875 5321 1985 5391 quoque

1177 5431 1357 5513 praesidio
1388 5429 1465 5492 fuit.
1504 5431 1640 5493 Eodem
1672 5453 1770 5495 anno
1802 5439 1984 5515 recuperata
