4034 6262
870 486 1154 558 -372—

144 683 291 736 naturae
315 682 350 734 et
369 672 538 735 historiae
559 671 707 753 patriae,
732 692 797 735 nec
818 693 888 735 non
912 693 974 755 po·
1013 683 1017 739 !
1055 675 1220 754 precibus
1238 677 1414 739 continuis
1431 678 1647 741 desideravit
1664 680 1772 743 dimitti
1783 685 1835 746 Au-

143 795 584 878 mologico-oenologicae
612 793 789 858 sectionis.
827 794 896 876 Qui
922 796 974 858 hi·
1053 792 1194 877 gustam
1205 799 1481 881 Vindelicorum,
1491 810 1527 863 et
1537 821 1643 881 quum
1656 802 1836 887 insuperepi·

143 917 287 981 storiam
297 916 399 980 huius
413 916 582 998 temporis
592 929 818 998 perspectam
830 918 973 999 habent,
1054 938 1183 1000 scopus
1196 920 1392 984 Linciensis
1406 920 1601 1005 Gregorius
1615 924 1748 1007 Ziegler,
1758 946 1837 1007 quon·

142 1043 207 1103 hos
231 1051 327 1102 certe
352 1060 422 1102 non
445 1040 542 1120 latet,
567 1040 669 1102 Pium
686 1039 764 1102 VII.
787 1059 865 1101 cum
887 1059 973 1123 rege
1054 1042 1137 1103 dam
1150 1043 1676 1128 benedictinusWiblingensiS,
1685 1049 1724 1109 de
1733 1049 1838 1112 restitu-

142 1162 770 1243 BavaricoMaximilianoIosephoI.
784 1181 877 1225 anno
895 1167 971 1242 1817
1013 1216 1016 1237 ,
1056 1163 1152 1225 tione
1168 1163 1301 1226 ordinis
1315 1166 1426 1229 nostri
1442 1166 1477 1228 in
1489 1167 1645 1230 Bavaria
1659 1188 1838 1252 summopere

144 1287 396 1349 concordatum
413 1285 533 1347 iniisse
550 1287 595 1347 ad
608 1305 681 1347 rem
696 1285 906 1347 catholicam
920 1285 974 1347 his
1012 1242 1016 1341 i
1055 1286 1269 1367 delectatus,
1297 1287 1413 1349 missis
1440 1289 1486 1350 ad
1511 1291 1677 1352 abbatem
1698 1291 1840 1356 Victorem

143 1409 178 1470 in
191 1408 384 1470 ditionibus
399 1410 515 1469 denuo
529 1408 821 1469 constituendam.
839 1407 973 1469 Partim
1013 1446 1016 1479 r
1054 1396 1192 1487 lit'teris,
1215 1408 1437 1472 solidissimis
1460 1413 1677 1493 argumentis
1697 1415 1738 1476 ad
1757 1418 1840 1477 subsi-

144 1543 267 1593 tenore
296 1530 499 1592 concordati
526 1530 643 1610 huius,
672 1530 803 1611 partim
830 1530 975 1612 propria
1013 1542 1015 1595 3
1054 1528 1149 1589 dium
1167 1528 1351 1592 ferendum
1369 1543 1582 1613 provocaret
1601 1545 1801 1618 rogaretque,
1815 1550 1841 1599 ut

143 1653 374 1734 persuasione
392 1654 519 1715 ductus
536 1652 739 1714 Ludovicus
760 1673 834 1731 rex,
859 1652 973 1714 Maxi·
1012 1672 1015 1765 Ι
1057 1649 1283 1732 Benedictus,
1306 1673 1410 1734 quem
1432 1652 1494 1716 fini
1510 1654 1606 1716 dicto
1629 1657 1842 1721 habilissimum

141 1776 275 1838 miliani
300 1794 497 1856 successor,
527 1785 695 1855 quantam
720 1795 864 1857 operam
892 1794 972 1836 con·
1012 1796 1015 1807 ·
1053 1774 1317 1856 aestimaverat,
1343 1776 1590 1861 dimitteretur,
1614 1780 1668 1841 his
1689 1791 1788 1844 motus
1806 1804 1843 1846 ar·

142 1897 286 1961 tulerint
303 1898 447 1960 ordines
463 1898 620 1980 religiosi
634 1897 739 1960 saluti
755 1897 972 1979 reipublicae
1053 1896 1249 1977 gumentis,
1282 1899 1394 1961 abbas
1425 1910 1548 1963 noster
1578 1903 1671 1965 votis
1696 1904 1843 1968 Benedicti

142 2032 178 2083 et
194 2021 402 2102 praesertim
418 2020 613 2083 iuventutis
627 2020 814 2082 eruditioni
832 2018 972 2100 religio·
1011 2012 1014 2113 Ι
1052 2035 1237 2080 assensum
1265 2021 1447 2102 praebuit,
1477 2023 1536 2103 qui
1563 2046 1591 2104 q.
1616 2022 1712 2106 Sept.
1739 2029 1843 2090 rassin

142 2163 203 2205 sae
219 2145 493 2225 promovendae,
510 2162 575 2205 nec
594 2162 664 2205 non
681 2162 785 2223 quarn
803 2141 910 2203 dubia
927 2141 972 2203 sit
1011 2126 1014 2255 Ι
1054 2139 1245 2202 Bavariam
1271 2142 1449 2225 discessit,
1478 2155 1517 2208 ut
1545 2146 1580 2208 in
1607 2148 1759 2227 praefata
1778 2169 1843 2211 nove

141 2265 256 2328 aliena
273 2265 402 2329 aetatis
419 2265 522 2327 huius
538 2263 694 2327 liberalis
712 2263 884 2342 educati0,
902 2283 972 2344 qua
1053 2271 1174 2324 erecta
1198 2264 1345 2327 abbatia
1368 2285 1398 2328 o.
1420 2285 1447 2329 s,
1467 2266 1509 2331 B.
1538 2269 1584 2330 ad
1611 2289 1636 2330 s.
1663 2269 1844 2352 Stephanum

143 2388 294 2450 subinde
326 2388 441 2450 throni
475 2399 511 2450 et
543 2387 668 2450 altaria
699 2386 972 2448 contremiscant
1010 2450 1013 2483 Ι
1055 2384 1243 2466 Augustae
1254 2386 1530 2471 Vindelicorum,
1544 2391 1600 2453 cui
1613 2392 1844 2474 lyceumcatho

140 2511 347 2593 ruinamque
365 2511 549 2587 minentur,
572 2510 754 2575 consilium
772 2515 877 2594 cepit,
898 2529 972 2571 mo·
1010 2490 1013 2613 Ι
1051 2506 1157 2569 licum
1174 2509 1398 2572 commissum
1416 2522 1503 2593 erat,
1525 2515 1674 2577 rectoris
1693 2517 1792 2595 huius,
1809 2518 1844 2598 ly·

140 2633 296 2696 nasteria
313 2634 445 2697 abolita
463 2635 497 2696 in
516 2654 628 2717 regno
644 2655 708 2697 suo
725 2636 970 2700 resuscitandi.
1009 2618 1013 2729 Ι
1053 2629 1106 2690 eei
1129 2640 1164 2691 et
1185 2631 1397 2711 professoris
1418 2635 1666 2717 philosophiae
1685 2658 1795 2700 munus
1806 2657 1844 2698 su·

141 2756 237 2818 Inter
265 2777 400 2837 omnes,
430 2768 606 2839 quotquot
633 2777 712 2820 sese
736 2759 971 2841 insinuavere,
1010 2742 1012 2851 Ι
1051 2751 1158 2832 biret,
1183 2752 1242 2813 ubi
1267 2765 1455 2835 praeterea
1479 2758 1626 2821 decreto
1649 2760 1743 2841 regio
1761 2761 1844 2822 schol-

141 2879 349 2959 praesertim
374 2879 545 2961 Iesuitae,
574 2880 687 2942 Ordini
712 2892 832 2944 nostro
856 2883 971 2944 Bene.
1009 2858 1012 2945 Ι
1051 2874 1158 2935 archa
1178 2875 1214 2936 in
1237 2877 1430 2958 superioris
1446 2879 1605 2942 Danubii
1625 2881 1748 2944 CirCUIO
1766 2884 1844 2944 dello·

141 3000 274 3062 dictino
293 3011 417 3081 utpote
436 3004 481 3063 ab
499 3003 720 3067 incunabulis
733 3004 806 3066 suis
818 3006 864 3067 ab
877 3005 971 3067 omni
1009 2980 1012 3113 Ι
1051 2995 1204 3059 minatus
1220 3006 1284 3060 est·
1309 2999 1428 3062 Primo
1445 3021 1538 3064 anno
1554 3004 1760 3067 scholastico
1772 3003 1843 3066 linito

139 3121 258 3185 fallaci
270 3122 464 3186 intentione
483 3136 519 3188 et
533 3126 883 3208 sophisnratealienO,
894 3148 971 3191 eru·
1010 3128 1012 3175 Ι
1052 3120 1391 3201 temPOreferiarum
1403 3125 1660 3187 autumnalium
1677 3127 1845 3189 1836Bena

142 3245 275 3307 ditione
293 3257 328 3309 et
348 3246 529 3309 laboribus
551 3248 756 3329 apostolicis
769 3250 971 3332 conspicu0,
1010 3273 1013 3303 ι
1053 3242 1169 3304 dictus
1186 3245 1393 3326 peragravit
1408 3245 1624 3330 Helvetiam,
1646 3260 1773 3330 partem
1787 3245 1845 3311 Gal·

140 3368 273 3449 primas
290 3369 427 3432 detulit.
450 3369 708 3459 Deficientibus
729 3383 848 3434 autem
864 3374 972 3435 bene·
1052 3365 1133 3444 liae,
1152 3366 1233 3427 dein
1248 3366 1398 3448 Italiam,
1415 3368 1513 3431 ‘'9¹¹st
1528 3369 1684 3433 ROfflam
1700 3381 1734 3434 θῑ
1747 3373 1846 3434 Sillim·

140 3490 281 3553 dictinis
310 3490 502 3571 Bavariae,
530 3495 575 3554 ad
603 3494 818 3556 monasteria
845 3495 971 3576 aliena,
1010 3534 1013 3575 ἱ
1052 3486 1103 3548 vit
1134 3488 1347 3550 incunabula
1378 3489 1511 3552 ordinis
1542 3492 1656 3554 nostri
1681 3494 1716 3555 in
1741 3493 1846 3555 Monta

142 3613 350 3693 praesertim
373 3614 577 3697 Aminea,
601 3616 661 3678 ubi
686 3616 760 3678 fere
785 3617 902 3679 omnia
925 3620 972 3679 ab
1010 3598 1013 3629 ⁶
1053 3608 1211 3673 Cassino.
1252 3609 1420 3676 Similiter
1451 3624 1488 3676 et
1518 3615 1748 3695 sequentibus
1777 3613 1846 3676 feriis

139 3736 333 3799 abolitione
363 3736 554 3818 Iosephina
591 3737 726 3801 intacta
760 3758 971 3820 remansere,
1052 3734 1259 3815 peragravit
1270 3732 1497 3798 Germaniam
1510 3746 1548 3798 et
1560 3737 1737 3820 Angliam.
1752 3737 1846 3799 Lassa·

139 3879 203 3941 pro
232 3859 392 3921 subsidio
420 3860 656 3922 convolatum.
695 3860 773 3922 Hac
801 3861 836 3922 in
864 3880 971 3923 causa
1051 3866 1109 3917 tus
1133 3845 1277 3919 tandem
1301 3858 1434 3938 duplici
1459 3877 1568 3921 onere
1593 3859 1802 3940 professurae
1822 3866 1845 3917 et

142 3992 177 4044 et
203 3984 247 4044 ad
275 3983 444 4044 abbatem
470 3981 769 4065 Raigradiensem
790 3981 971 4044 Victorem
1010 4056 1013 4065 .
1050 3989 1250 4042 rectoratus
1267 3999 1309 4041 ac
1325 3980 1477 4043 diversis
1498 3981 1636 4045 iniuriis
1660 3992 1695 4045 et
1713 3977 1846 4045 molestiis

141 4103 328 4167 Schlossar
340 4115 579 4186 pervenerunt
592 4105 731 4166 litterae
745 4104 887 4166 abbatis
899 4123 971 4166 mo·
1010 4086 1013 4241 Ι
1051 4121 1196 4183 pressus
1217 4102 1286 4163 iam
1308 4107 1388 4181 1839
1406 4104 1519 4166 voluit
1535 4104 1735 4168 valedicere
1753 4113 1847 4183 etqua

141 4227 287 4290 nasterii
309 4227 417 4290 erecti
434 4227 623 4310 Augustae
640 4226 904 4290 Vindelicorum
927 4227 971 4288 de
1010 4248 1013 4303 ξ
1052 4224 1294 4288 missionarius
1307 4226 1341 4287 in
1351 4227 1556 4290 Americam
1569 4225 1846 4310 septentrionalem

141 4352 224 4415 dato
239 4351 399 4414 18.Febr.
414 4355 493 4413 1835
509 4361 699 4412 exorantes
708 4349 970 4429 humanissime,
1052 4347 1246 4410 discedere.
1275 4348 1455 4411 Dissuasit
1471 4351 1596 4431 abbas,
1621 4348 1788 4431 acquievit
1800 4345 1847 4406 Be

141 4483 179 4536 ut
196 4493 283 4555 quos
301 4483 435 4554 posset,
460 4472 703 4535 subministret
724 4472 759 4533 in
775 4472 971 4534 subsidium
1052 4471 1214 4533 nedictus
1242 4480 1279 4533 et
1305 4471 1434 4534 mansit
1461 4490 1576 4553 usque
1602 4474 1649 4534 ad
1671 4470 1769 4534 finem
1788 4462 1846 4529 anui

142 4605 424 4676 temporaneum,
449 4595 543 4656 viros
568 4596 707 4674 doctos,
731 4593 810 4676 pios
834 4604 870 4655 et
892 4594 971 4655 reli·
1010 4540 1013 4685 Ι
1052 4592 1256 4654 scholastici
1288 4597 1364 4670 1841
1394 4592 1586 4675 Augustae
1611 4592 1846 4661 vindelicorum,

142 4719 263 4800 giosos
287 4717 491 4781 monasterii
516 4717 636 4780 nostri.
668 4717 803 4779 Eodem
830 4737 971 4798 quoque
1051 4717 1145 4777 unde
1159 4715 1323 4796 deposito
1335 4734 1492 4797 munere,
1505 4718 1552 4778 ad
1565 4717 1716 4796 patriam
1727 4732 1846 4778 suam-

143 4848 264 4901 tenore
292 4841 470 4901 advenere
498 4839 637 4901 litterae
665 4859 730 4920 per
756 4839 972 4920 praesidium
1010 4920 1013 4935 Ι
1051 4840 1145 4900 haud
1171 4838 1346 4920 ingratam
1373 4875 1416 4883 —
1443 4839 1668 4919 properavit;
1694 4835 1846 4920 insignitus

144 4961 307 5040 gubernii
335 4960 560 5023 notificantes
589 4964 780 5023 adsensum
805 4971 840 5023 et
864 4962 972 5022 bene·
1010 4938 1013 5011 i
1052 4960 1174 5023 ordine
1192 4963 1236 5022 de
1253 4960 1386 5022 meritis
1404 4960 1570 5023 civilibus
1583 4962 1685 5044 regni
1697 4956 1844 5023 Bavariaa

129 5081 313 5158 ‘placitum
341 5086 426 5144 suae
453 5083 650 5145 maiestatis
679 5083 860 5145 Francisci
881 5082 908 5144 Ι.
937 5092 972 5144 et
1010 5016 1013 5153 i
1052 5083 1240 5145 Desiderio
1253 5094 1356 5146 extra
1367 5083 1623 5146 monasterium
1635 5084 1748 5164 aliquo
1758 5072 1845 5142 officio

146 5201 257 5262 serius
289 5223 429 5283 quoque
460 5204 489 5266 F
493 5204 676 5267 erdinandi
704 5204 730 5266 I.
764 5205 799 5266 in
825 5205 972 5267 ferendo
1011 5174 1013 5329 Ι
1053 5204 1121 5266 sibi
1137 5225 1295 5287 congruo
1311 5204 1534 5288 defungendi
1546 5207 1675 5269 ductus
1686 5201 1843 5286 supplicem

148 5318 242 5380 dicto
259 5321 442 5389 iuvamina.
467 5326 568 5387 Haec
585 5347 662 5389 cum
683 5337 884 5408 agerentur,
905 5326 972 5387 Be·
1011 5340 1013 5365 ¹
1052 5327 1212 5408 porrexit
1227 5327 1383 5388 libellum
1402 5346 1467 5408 pro
1480 5327 1698 5410 acquirenda
1712 5319 1843 5388 cathedra

150 5437 310 5501 nedictus
339 5443 489 5507 Richter
521 5455 545 5507 t.
572 5457 596 5509 t.
624 5446 805 5528 professor
831 5447 972 5510 Brunae
1011 5372 1014 5516 Ι

1051 5447 1233 5530 religionis
1248 5449 1283 5510 in
1299 5449 1402 5530 lyceo
1415 5448 1607 5532 Linciensi,
1623 5468 1722 5530 quam
1736 5439 1842 5528 petitio
