<?xml version="1.0" encoding="UTF-8"?>
<!DOCTYPE html PUBLIC "-//W3C//DTD XHTML 1.0 Transitional//EN"
    "http://www.w3.org/TR/xhtml1/DTD/xhtml1-transitional.dtd">
<html xmlns="http://www.w3.org/1999/xhtml" xml:lang="en" lang="en">
 <head>
  <title>
</title>
<meta http-equiv="Content-Type" content="text/html;charset=utf-8" />
  <meta name='ocr-system' content='tesseract 3.04.00' />
  <meta name='ocr-capabilities' content='ocr_page ocr_carea ocr_par ocr_line ocrx_word'/>
</head>
<body>
  <div class='ocr_page' id='page_1' title='image "./scriptoresordin00benegoog_0402.png"; bbox 0 0 4034 6262; ppageno 0'>
   <div class='ocr_carea' id='block_1_1' title="bbox 512 499 895 586">
    <p class='ocr_par' dir='ltr' id='par_1_1' title="bbox 512 499 895 586">
     <span class='ocr_line' id='line_1_1' title="bbox 512 499 895 586; baseline 0.005 -2"><span class='ocrx_word' id='word_1_1' title='bbox 512 580 514 584; x_wconf 79' lang='grc'><strong>,</strong></span> <span class='ocrx_word' id='word_1_2' title='bbox 612 538 660 549; x_wconf 99' lang='grc'>-</span> <span class='ocrx_word' id='word_1_3' title='bbox 717 499 895 586; x_wconf 86' lang='lat'>269·—</span> 
     </span>
    </p>
   </div>
   <div class='ocr_carea' id='block_1_2' title="bbox 124 697 719 1495">
    <p class='ocr_par' dir='ltr' id='par_1_2' title="bbox 124 697 719 1495">
     <span class='ocr_line' id='line_1_2' title="bbox 130 697 716 782; baseline 0.005 -21"><span class='ocrx_word' id='word_1_4' title='bbox 130 697 353 781; x_wconf 89' lang='lat' dir='ltr'>consiliarius,</span> <span class='ocrx_word' id='word_1_5' title='bbox 369 700 617 782; x_wconf 89' lang='lat' dir='ltr'>religiosorum</span> <span class='ocrx_word' id='word_1_6' title='bbox 633 720 716 764; x_wconf 92' lang='lat' dir='ltr'>con·</span> 
     </span>
     <span class='ocr_line' id='line_1_3' title="bbox 124 820 719 902; baseline 0.007 -18"><span class='ocrx_word' id='word_1_7' title='bbox 124 840 177 902; x_wconf 90' lang='lat' dir='ltr'>ns,</span> <span class='ocrx_word' id='word_1_8' title='bbox 207 820 348 884; x_wconf 89' lang='lat' dir='ltr'>maiori&#39;s</span> <span class='ocrx_word' id='word_1_9' title='bbox 379 823 606 885; x_wconf 82' lang='lat' dir='ltr'>academicae</span> <span class='ocrx_word' id='word_1_10' title='bbox 637 843 719 888; x_wconf 91' lang='lat' dir='ltr'>con·</span> 
     </span>
     <span class='ocr_line' id='line_1_4' title="bbox 127 943 719 1027; baseline 0.008 -22"><span class='ocrx_word' id='word_1_11' title='bbox 127 962 280 1025; x_wconf 86' lang='lat' dir='ltr'>praeses,</span> <span class='ocrx_word' id='word_1_12' title='bbox 294 943 437 1026; x_wconf 87' lang='lat' dir='ltr'>saepius</span> <span class='ocrx_word' id='word_1_13' title='bbox 449 944 719 1027; x_wconf 88' lang='lat' dir='ltr'>philosophicae</span> 
     </span>
     <span class='ocr_line' id='line_1_5' title="bbox 124 1065 719 1132; baseline 0.008 -5"><span class='ocrx_word' id='word_1_14' title='bbox 124 1084 176 1128; x_wconf 89' lang='lat' dir='ltr'>:ae</span> <span class='ocrx_word' id='word_1_15' title='bbox 201 1065 381 1129; x_wconf 84' lang='lat' dir='ltr'>facultatis</span> <span class='ocrx_word' id='word_1_16' title='bbox 405 1068 562 1131; x_wconf 89' lang='lat' dir='ltr'>decanus</span> <span class='ocrx_word' id='word_1_17' title='bbox 588 1069 719 1132; x_wconf 88' lang='lat' dir='ltr'>saluta·</span> 
     </span>
     <span class='ocr_line' id='line_1_6' title="bbox 124 1186 719 1270; baseline 0.007 -21"><span class='ocrx_word' id='word_1_18' title='bbox 124 1186 210 1250; x_wconf 77' lang='lat' dir='ltr'>[unio</span> <span class='ocrx_word' id='word_1_19' title='bbox 227 1191 305 1267; x_wconf 85' lang='lat'>1757</span> <span class='ocrx_word' id='word_1_20' title='bbox 320 1188 511 1270; x_wconf 90' lang='lat' dir='ltr'>parochiae</span> <span class='ocrx_word' id='word_1_21' title='bbox 523 1189 719 1254; x_wconf 89' lang='lat' dir='ltr'>Kirchham</span> 
     </span>
     <span class='ocr_line' id='line_1_7' title="bbox 149 1310 718 1377; baseline 0.009 -5"><span class='ocrx_word' id='word_1_22' title='bbox 149 1311 306 1373; x_wconf 90' lang='lat' dir='ltr'>eiusdem</span> <span class='ocrx_word' id='word_1_23' title='bbox 339 1310 422 1374; x_wconf 87' lang='lat' dir='ltr'>anni</span> <span class='ocrx_word' id='word_1_24' title='bbox 457 1311 514 1374; x_wconf 91' lang='lat' dir='ltr'>die</span> <span class='ocrx_word' id='word_1_25' title='bbox 547 1316 597 1375; x_wconf 84' lang='lat'>25.</span> <span class='ocrx_word' id='word_1_26' title='bbox 628 1313 718 1377; x_wconf 91' lang='lat' dir='ltr'>Nov.</span> 
     </span>
     <span class='ocr_line' id='line_1_8' title="bbox 124 1431 369 1495; baseline -0.004 0"><span class='ocrx_word' id='word_1_27' title='bbox 124 1431 256 1495; x_wconf 87' lang='grc'><strong>11111111</strong></span> <span class='ocrx_word' id='word_1_28' title='bbox 272 1432 369 1495; x_wconf 89' lang='lat' dir='ltr'>obiit.</span> 
     </span>
    </p>
   </div>
   <div class='ocr_carea' id='block_1_3' title="bbox 123 1590 562 1673">
    <p class='ocr_par' dir='ltr' id='par_1_3' title="bbox 123 1590 562 1673">
     <span class='ocr_line' id='line_1_9' title="bbox 123 1590 562 1673; baseline 0.005 -21"><span class='ocrx_word' id='word_1_29' title='bbox 123 1610 178 1653; x_wconf 89' lang='lat' dir='ltr'>em</span> <span class='ocrx_word' id='word_1_30' title='bbox 195 1590 292 1673; x_wconf 93' lang='lat' dir='ltr'>typis</span> <span class='ocrx_word' id='word_1_31' title='bbox 308 1592 478 1654; x_wconf 90' lang='lat' dir='ltr'>mandata</span> <span class='ocrx_word' id='word_1_32' title='bbox 493 1601 562 1654; x_wconf 88' lang='lat' dir='ltr'>est:</span> 
     </span>
    </p>
   </div>
   <div class='ocr_carea' id='block_1_4' title="bbox 124 1752 719 2035">
    <p class='ocr_par' dir='ltr' id='par_1_4' title="bbox 124 1752 719 2035">
     <span class='ocr_line' id='line_1_10' title="bbox 124 1752 719 1828; baseline 0.007 -22"><span class='ocrx_word' id='word_1_33' title='bbox 124 1753 260 1808; x_wconf 89' lang='lat' dir='ltr'>:ctionum</span> <span class='ocrx_word' id='word_1_34' title='bbox 273 1764 304 1808; x_wconf 90' lang='lat' dir='ltr'>et</span> <span class='ocrx_word' id='word_1_35' title='bbox 312 1752 509 1827; x_wconf 87' lang='lat' dir='ltr'>collegiorum</span> <span class='ocrx_word' id='word_1_36' title='bbox 523 1755 551 1809; x_wconf 91' lang='lat' dir='ltr'>in</span> <span class='ocrx_word' id='word_1_37' title='bbox 565 1753 719 1828; x_wconf 80' lang='lat' dir='ltr'>theologia</span> 
     </span>
     <span class='ocr_line' id='line_1_11' title="bbox 124 1855 719 1930; baseline 0.005 -19"><span class='ocrx_word' id='word_1_38' title='bbox 124 1873 170 1912; x_wconf 86' lang='lat' dir='ltr'>mo</span> <span class='ocrx_word' id='word_1_39' title='bbox 186 1855 370 1912; x_wconf 87' lang='lat' dir='ltr'>scholastico</span> <span class='ocrx_word' id='word_1_40' title='bbox 392 1871 559 1930; x_wconf 83' lang='lat'>1753-54</span> <span class='ocrx_word' id='word_1_41' title='bbox 576 1859 606 1913; x_wconf 92' lang='lat' dir='ltr'>in</span> <span class='ocrx_word' id='word_1_42' title='bbox 621 1858 719 1915; x_wconf 90' lang='lat' dir='ltr'>archi·</span> 
     </span>
     <span class='ocr_line' id='line_1_12' title="bbox 124 1958 581 2035; baseline -0.002 -18"><span class='ocrx_word' id='word_1_43' title='bbox 124 1962 269 2017; x_wconf 84' lang='lat' dir='ltr'>versitate</span> <span class='ocrx_word' id='word_1_44' title='bbox 285 1958 521 2035; x_wconf 86' lang='lat' dir='ltr'>Salisburgensi.</span> <span class='ocrx_word' id='word_1_45' title='bbox 539 1968 581 2033; x_wconf 87' lang='lat'>40.</span> 
     </span>
    </p>
   </div>
   <div class='ocr_carea' id='block_1_5' title="bbox 124 2124 731 5001">
    <p class='ocr_par' dir='ltr' id='par_1_5' title="bbox 124 2124 731 5001">
     <span class='ocr_line' id='line_1_13' title="bbox 124 2124 721 2218; baseline 0.012 -22"><span class='ocrx_word' id='word_1_46' title='bbox 124 2124 311 2198; x_wconf 84' lang='lat' dir='ltr'>nmantel</span> <span class='ocrx_word' id='word_1_47' title='bbox 332 2136 539 2218; x_wconf 86' lang='lat' dir='ltr'>Iosephus</span> <span class='ocrx_word' id='word_1_48' title='bbox 555 2137 721 2202; x_wconf 89' lang='lat' dir='ltr'>Franci-</span> 
     </span>
     <span class='ocr_line' id='line_1_14' title="bbox 126 2251 721 2340; baseline 0.01 -25"><span class='ocrx_word' id='word_1_49' title='bbox 126 2254 175 2315; x_wconf 87' lang='lat' dir='ltr'>de</span> <span class='ocrx_word' id='word_1_50' title='bbox 193 2251 449 2336; x_wconf 87' lang='lat' dir='ltr'>(Scotensis),</span> <span class='ocrx_word' id='word_1_51' title='bbox 471 2255 664 2340; x_wconf 89' lang='lat' dir='ltr'>Hartberg,</span> <span class='ocrx_word' id='word_1_52' title='bbox 686 2257 721 2320; x_wconf 93' lang='lat' dir='ltr'>in</span> 
     </span>
     <span class='ocr_line' id='line_1_15' title="bbox 125 2373 722 2460; baseline 0.013 -25"><span class='ocrx_word' id='word_1_53' title='bbox 125 2373 185 2437; x_wconf 91' lang='lat' dir='ltr'>ido</span> <span class='ocrx_word' id='word_1_54' title='bbox 201 2384 306 2438; x_wconf 88' lang='lat' dir='ltr'>natus</span> <span class='ocrx_word' id='word_1_55' title='bbox 323 2375 380 2437; x_wconf 89' lang='lat' dir='ltr'>die</span> <span class='ocrx_word' id='word_1_56' title='bbox 394 2397 422 2438; x_wconf 91' lang='lat'>2.</span> <span class='ocrx_word' id='word_1_57' title='bbox 432 2376 521 2440; x_wconf 87' lang='lat' dir='ltr'>Nov.</span> <span class='ocrx_word' id='word_1_58' title='bbox 537 2383 628 2460; x_wconf 89' lang='lat'>1818,</span> <span class='ocrx_word' id='word_1_59' title='bbox 643 2400 722 2443; x_wconf 92' lang='lat' dir='ltr'>cum</span> 
     </span>
     <span class='ocr_line' id='line_1_16' title="bbox 125 2495 722 2579; baseline 0.007 -19"><span class='ocrx_word' id='word_1_60' title='bbox 125 2495 371 2579; x_wconf 90' lang='lat' dir='ltr'>philosophiae</span> <span class='ocrx_word' id='word_1_61' title='bbox 382 2499 499 2562; x_wconf 87' lang='lat' dir='ltr'>studia</span> <span class='ocrx_word' id='word_1_62' title='bbox 508 2501 722 2565; x_wconf 91' lang='lat' dir='ltr'>absolvisset</span> 
     </span>
     <span class='ocr_line' id='line_1_17' title="bbox 135 2618 722 2702; baseline 0.01 -20"><span class='ocrx_word' id='word_1_63' title='bbox 135 2640 185 2682; x_wconf 87' lang='lat'>21.</span> <span class='ocrx_word' id='word_1_64' title='bbox 199 2618 299 2702; x_wconf 88' lang='lat' dir='ltr'>Sept.</span> <span class='ocrx_word' id='word_1_65' title='bbox 321 2626 401 2701; x_wconf 83' lang='lat'>1839</span> <span class='ocrx_word' id='word_1_66' title='bbox 418 2642 444 2686; x_wconf 91' lang='lat' dir='ltr'>s.</span> <span class='ocrx_word' id='word_1_67' title='bbox 458 2623 582 2687; x_wconf 88' lang='lat' dir='ltr'>habitu</span> <span class='ocrx_word' id='word_1_68' title='bbox 599 2634 654 2687; x_wconf 89' lang='lat' dir='ltr'>est</span> <span class='ocrx_word' id='word_1_69' title='bbox 671 2625 722 2688; x_wconf 91' lang='lat' dir='ltr'>in-</span> 
     </span>
     <span class='ocr_line' id='line_1_18' title="bbox 124 2743 720 2810; baseline 0.01 -6"><span class='ocrx_word' id='word_1_70' title='bbox 124 2763 136 2804; x_wconf 81' lang='grc'>1</span> <span class='ocrx_word' id='word_1_71' title='bbox 158 2761 244 2806; x_wconf 88' lang='lat' dir='ltr'>vero</span> <span class='ocrx_word' id='word_1_72' title='bbox 268 2743 496 2808; x_wconf 88' lang='lat' dir='ltr'>sollemnibus</span> <span class='ocrx_word' id='word_1_73' title='bbox 520 2746 577 2809; x_wconf 91' lang='lat' dir='ltr'>die</span> <span class='ocrx_word' id='word_1_74' title='bbox 596 2767 624 2810; x_wconf 89' lang='lat'>2.</span> <span class='ocrx_word' id='word_1_75' title='bbox 642 2745 720 2810; x_wconf 90' lang='lat' dir='ltr'>Oct.</span> 
     </span>
     <span class='ocr_line' id='line_1_19' title="bbox 124 2866 721 2948; baseline 0.01 -22"><span class='ocrx_word' id='word_1_76' title='bbox 124 2884 135 2927; x_wconf 83' lang='grc'>1</span> <span class='ocrx_word' id='word_1_77' title='bbox 156 2882 373 2948; x_wconf 89' lang='lat' dir='ltr'>emensoque</span> <span class='ocrx_word' id='word_1_78' title='bbox 397 2866 433 2930; x_wconf 91' lang='lat' dir='ltr'>in</span> <span class='ocrx_word' id='word_1_79' title='bbox 457 2868 551 2933; x_wconf 89' lang='lat' dir='ltr'>univ.</span> <span class='ocrx_word' id='word_1_80' title='bbox 566 2867 721 2934; x_wconf 91' lang='lat' dir='ltr'>Vindob.</span> 
     </span>
     <span class='ocr_line' id='line_1_20' title="bbox 124 2987 721 3072; baseline 0.007 -23"><span class='ocrx_word' id='word_1_81' title='bbox 124 2987 239 3070; x_wconf 80' lang='lat' dir='ltr'>ngic0,</span> <span class='ocrx_word' id='word_1_82' title='bbox 263 2988 466 3051; x_wconf 89' lang='lat' dir='ltr'>sacerdotio</span> <span class='ocrx_word' id='word_1_83' title='bbox 489 2989 721 3072; x_wconf 89' lang='lat' dir='ltr'>inauguratus</span> 
     </span>
     <span class='ocr_line' id='line_1_21' title="bbox 124 3110 721 3193; baseline 0.003 -21"><span class='ocrx_word' id='word_1_84' title='bbox 124 3110 180 3172; x_wconf 90' lang='lat' dir='ltr'>[ul.</span> <span class='ocrx_word' id='word_1_85' title='bbox 202 3115 293 3191; x_wconf 91' lang='grc'><strong>1844,</strong></span> <span class='ocrx_word' id='word_1_86' title='bbox 316 3111 444 3193; x_wconf 90' lang='lat' dir='ltr'>dieque</span> <span class='ocrx_word' id='word_1_87' title='bbox 465 3133 495 3188; x_wconf 85' lang='lat'>4.</span> <span class='ocrx_word' id='word_1_88' title='bbox 512 3110 607 3193; x_wconf 90' lang='lat' dir='ltr'>Aug.</span> <span class='ocrx_word' id='word_1_89' title='bbox 629 3111 721 3174; x_wconf 89' lang='lat' dir='ltr'>eius·</span> 
     </span>
     <span class='ocr_line' id='line_1_22' title="bbox 124 3231 721 3315; baseline 0.003 -21"><span class='ocrx_word' id='word_1_90' title='bbox 124 3242 281 3315; x_wconf 74' lang='lat' dir='ltr'>eomysta</span> <span class='ocrx_word' id='word_1_91' title='bbox 301 3231 338 3294; x_wconf 89' lang='lat' dir='ltr'>in</span> <span class='ocrx_word' id='word_1_92' title='bbox 359 3233 511 3295; x_wconf 91' lang='lat' dir='ltr'>ecclesia</span> <span class='ocrx_word' id='word_1_93' title='bbox 531 3234 721 3315; x_wconf 90' lang='lat' dir='ltr'>parochiae</span> 
     </span>
     <span class='ocr_line' id='line_1_23' title="bbox 124 3354 721 3438; baseline 0.007 -23"><span class='ocrx_word' id='word_1_94' title='bbox 124 3355 209 3415; x_wconf 90' lang='lat' dir='ltr'>ltare</span> <span class='ocrx_word' id='word_1_95' title='bbox 222 3354 291 3416; x_wconf 90' lang='lat' dir='ltr'>Dei</span> <span class='ocrx_word' id='word_1_96' title='bbox 303 3355 412 3419; x_wconf 88' lang='lat' dir='ltr'>stetit.</span> <span class='ocrx_word' id='word_1_97' title='bbox 430 3355 535 3418; x_wconf 92' lang='lat' dir='ltr'>Anno</span> <span class='ocrx_word' id='word_1_98' title='bbox 549 3366 721 3438; x_wconf 88' lang='lat' dir='ltr'>sequente</span> 
     </span>
     <span class='ocr_line' id='line_1_24' title="bbox 124 3475 723 3541; baseline 0.005 -3"><span class='ocrx_word' id='word_1_99' title='bbox 124 3475 248 3538; x_wconf 90' lang='lat' dir='ltr'>missus</span> <span class='ocrx_word' id='word_1_100' title='bbox 270 3487 326 3540; x_wconf 90' lang='lat' dir='ltr'>est</span> <span class='ocrx_word' id='word_1_101' title='bbox 343 3477 564 3541; x_wconf 86' lang='lat' dir='ltr'>Zellerndorf</span> <span class='ocrx_word' id='word_1_102' title='bbox 581 3488 618 3541; x_wconf 92' lang='lat' dir='ltr'>et</span> <span class='ocrx_word' id='word_1_103' title='bbox 642 3481 723 3541; x_wconf 84' lang='lat'>1850</span> 
     </span>
     <span class='ocr_line' id='line_1_25' title="bbox 124 3598 723 3663; baseline 0.003 -3"><span class='ocrx_word' id='word_1_104' title='bbox 124 3600 161 3661; x_wconf 87' lang='lat' dir='ltr'>le</span> <span class='ocrx_word' id='word_1_105' title='bbox 182 3598 218 3660; x_wconf 91' lang='lat' dir='ltr'>in</span> <span class='ocrx_word' id='word_1_106' title='bbox 243 3599 496 3662; x_wconf 90' lang='lat' dir='ltr'>monasterium</span> <span class='ocrx_word' id='word_1_107' title='bbox 519 3601 635 3663; x_wconf 86' lang='lat' dir='ltr'>redux</span> <span class='ocrx_word' id='word_1_108' title='bbox 658 3600 723 3662; x_wconf 92' lang='lat' dir='ltr'>ibi-</span> 
     </span>
     <span class='ocr_line' id='line_1_26' title="bbox 124 3721 725 3805; baseline 0.002 -22"><span class='ocrx_word' id='word_1_109' title='bbox 124 3741 166 3784; x_wconf 90' lang='grc'><strong>1111</strong></span> <span class='ocrx_word' id='word_1_110' title='bbox 197 3731 305 3804; x_wconf 91' lang='lat' dir='ltr'>atque</span> <span class='ocrx_word' id='word_1_111' title='bbox 333 3721 619 3785; x_wconf 88' lang='lat' dir='ltr'>concionatorem</span> <span class='ocrx_word' id='word_1_112' title='bbox 650 3722 725 3805; x_wconf 88' lang='lat' dir='ltr'>egit</span> 
     </span>
     <span class='ocr_line' id='line_1_27' title="bbox 124 3844 725 3927; baseline 0.003 -22"><span class='ocrx_word' id='word_1_113' title='bbox 124 3864 178 3925; x_wconf 82' lang='lat' dir='ltr'>rm,</span> <span class='ocrx_word' id='word_1_114' title='bbox 196 3844 252 3906; x_wconf 93' lang='lat' dir='ltr'>cui</span> <span class='ocrx_word' id='word_1_115' title='bbox 270 3849 350 3907; x_wconf 82' lang='lat'>1856</span> <span class='ocrx_word' id='word_1_116' title='bbox 363 3864 419 3906; x_wconf 92' lang='lat' dir='ltr'>res</span> <span class='ocrx_word' id='word_1_117' title='bbox 433 3864 575 3927; x_wconf 89' lang='lat' dir='ltr'>quoque</span> <span class='ocrx_word' id='word_1_118' title='bbox 588 3844 725 3907; x_wconf 89' lang='lat' dir='ltr'>vinaria</span> 
     </span>
     <span class='ocr_line' id='line_1_28' title="bbox 124 3964 725 4048; baseline 0 -21"><span class='ocrx_word' id='word_1_119' title='bbox 124 3965 286 4029; x_wconf 75' lang='lat' dir='ltr'>:tradita</span> <span class='ocrx_word' id='word_1_120' title='bbox 311 3964 411 4046; x_wconf 83' lang='lat' dir='ltr'>Quas</span> <span class='ocrx_word' id='word_1_121' title='bbox 433 3975 556 4047; x_wconf 90' lang='lat' dir='ltr'>partes</span> <span class='ocrx_word' id='word_1_122' title='bbox 578 3965 725 4048; x_wconf 83' lang='lat' dir='ltr'>egregie</span> 
     </span>
     <span class='ocr_line' id='line_1_29' title="bbox 124 4085 726 4169; baseline 0.003 -21"><span class='ocrx_word' id='word_1_123' title='bbox 124 4105 192 4168; x_wconf 88' lang='lat' dir='ltr'>que</span> <span class='ocrx_word' id='word_1_124' title='bbox 210 4087 255 4148; x_wconf 86' lang='lat' dir='ltr'>ad</span> <span class='ocrx_word' id='word_1_125' title='bbox 272 4085 365 4148; x_wconf 89' lang='lat' dir='ltr'>diem</span> <span class='ocrx_word' id='word_1_126' title='bbox 382 4091 433 4149; x_wconf 82' lang='lat'>30.</span> <span class='ocrx_word' id='word_1_127' title='bbox 451 4085 525 4150; x_wconf 88' lang='lat' dir='ltr'>Iun.</span> <span class='ocrx_word' id='word_1_128' title='bbox 547 4090 638 4168; x_wconf 81' lang='lat'>1862,</span> <span class='ocrx_word' id='word_1_129' title='bbox 656 4106 726 4169; x_wconf 93' lang='lat' dir='ltr'>quo</span> 
     </span>
     <span class='ocr_line' id='line_1_30' title="bbox 124 4208 728 4291; baseline 0.003 -21"><span class='ocrx_word' id='word_1_130' title='bbox 124 4208 174 4271; x_wconf 76' lang='grc'><strong>1111</strong></span> <span class='ocrx_word' id='word_1_131' title='bbox 190 4208 287 4290; x_wconf 90' lang='lat' dir='ltr'>prior</span> <span class='ocrx_word' id='word_1_132' title='bbox 309 4218 364 4271; x_wconf 89' lang='lat' dir='ltr'>est</span> <span class='ocrx_word' id='word_1_133' title='bbox 381 4208 601 4291; x_wconf 82' lang='lat' dir='ltr'>designatus,</span> <span class='ocrx_word' id='word_1_134' title='bbox 625 4208 728 4272; x_wconf 91' lang='lat' dir='ltr'>Hanc</span> 
     </span>
     <span class='ocr_line' id='line_1_31' title="bbox 131 4329 728 4393; baseline 0.003 -2"><span class='ocrx_word' id='word_1_135' title='bbox 131 4339 273 4392; x_wconf 87' lang='lat' dir='ltr'>retento</span> <span class='ocrx_word' id='word_1_136' title='bbox 290 4329 393 4393; x_wconf 90' lang='lat' dir='ltr'>simul</span> <span class='ocrx_word' id='word_1_137' title='bbox 415 4330 587 4393; x_wconf 88' lang='lat' dir='ltr'>cellerarii</span> <span class='ocrx_word' id='word_1_138' title='bbox 611 4329 728 4393; x_wconf 89' lang='lat' dir='ltr'>officio</span> 
     </span>
     <span class='ocr_line' id='line_1_32' title="bbox 126 4451 729 4517; baseline 0.005 -3"><span class='ocrx_word' id='word_1_139' title='bbox 126 4471 245 4515; x_wconf 92' lang='lat' dir='ltr'>umma</span> <span class='ocrx_word' id='word_1_140' title='bbox 277 4451 431 4514; x_wconf 92' lang='lat' dir='ltr'>omnium</span> <span class='ocrx_word' id='word_1_141' title='bbox 464 4452 569 4514; x_wconf 90' lang='lat' dir='ltr'>laude</span> <span class='ocrx_word' id='word_1_142' title='bbox 600 4461 729 4517; x_wconf 87' lang='lat' dir='ltr'>tuetur.</span> 
     </span>
     <span class='ocr_line' id='line_1_33' title="bbox 124 4574 730 4656; baseline 0.002 -20"><span class='ocrx_word' id='word_1_143' title='bbox 124 4594 190 4636; x_wconf 89' lang='lat' dir='ltr'>:um</span> <span class='ocrx_word' id='word_1_144' title='bbox 213 4575 414 4655; x_wconf 91' lang='lat' dir='ltr'>complures</span> <span class='ocrx_word' id='word_1_145' title='bbox 430 4574 654 4656; x_wconf 78' lang='lat' dir='ltr'>sodalitateS,</span> <span class='ocrx_word' id='word_1_146' title='bbox 677 4574 730 4637; x_wconf 92' lang='lat' dir='ltr'>uti</span> 
     </span>
     <span class='ocr_line' id='line_1_34' title="bbox 126 4695 730 4779; baseline 0 -21"><span class='ocrx_word' id='word_1_147' title='bbox 126 4705 164 4758; x_wconf 90' lang='lat' dir='ltr'>ta</span> <span class='ocrx_word' id='word_1_148' title='bbox 185 4695 337 4779; x_wconf 84' lang='lat' dir='ltr'>„Verein</span> <span class='ocrx_word' id='word_1_149' title='bbox 350 4695 406 4758; x_wconf 83' lang='grc'><strong>1111</strong></span> <span class='ocrx_word' id='word_1_150' title='bbox 418 4696 683 4758; x_wconf 86' lang='lat' dir='ltr'>Landeskunde</span> <span class='ocrx_word' id='word_1_151' title='bbox 694 4696 730 4758; x_wconf 89' lang='lat' dir='ltr'>in</span> 
     </span>
     <span class='ocr_line' id='line_1_35' title="bbox 124 4816 731 4898; baseline 0 -19"><span class='ocrx_word' id='word_1_152' title='bbox 124 4816 577 4898; x_wconf 84' lang='lat' dir='ltr'>„Landwirthschaftlieher</span> <span class='ocrx_word' id='word_1_153' title='bbox 598 4816 731 4880; x_wconf 92' lang='lat' dir='ltr'>Verein</span> 
     </span>
     <span class='ocr_line' id='line_1_36' title="bbox 124 4937 611 5001; baseline 0 -1"><span class='ocrx_word' id='word_1_154' title='bbox 124 4939 131 4971; x_wconf 90' lang='lat'>‘</span> <span class='ocrx_word' id='word_1_155' title='bbox 150 4937 286 5000; x_wconf 92' lang='lat' dir='ltr'>socium</span> <span class='ocrx_word' id='word_1_156' title='bbox 303 4938 370 5000; x_wconf 89' lang='lat' dir='ltr'>sibi</span> <span class='ocrx_word' id='word_1_157' title='bbox 388 4938 611 5001; x_wconf 87' lang='lat' dir='ltr'>addiderunt.</span> 
     </span>
    </p>
   </div>
   <div class='ocr_carea' id='block_1_6' title="bbox 124 5093 315 5156">
    <p class='ocr_par' dir='ltr' id='par_1_6' title="bbox 124 5093 315 5156">
     <span class='ocr_line' id='line_1_37' title="bbox 124 5093 315 5156; baseline -0.005 0"><span class='ocrx_word' id='word_1_158' title='bbox 124 5093 315 5156; x_wconf 83' lang='lat' dir='ltr'>mandavit:</span> 
     </span>
    </p>
   </div>
   <div class='ocr_carea' id='block_1_7' title="bbox 124 5254 733 5535">
    <p class='ocr_par' dir='ltr' id='par_1_7' title="bbox 124 5254 733 5535">
     <span class='ocr_line' id='line_1_38' title="bbox 124 5254 733 5312; baseline 0.003 -2"><span class='ocrx_word' id='word_1_159' title='bbox 124 5273 145 5310; x_wconf 87' lang='grc'>11</span> <span class='ocrx_word' id='word_1_160' title='bbox 171 5254 226 5311; x_wconf 90' lang='lat' dir='ltr'>der</span> <span class='ocrx_word' id='word_1_161' title='bbox 250 5255 525 5311; x_wconf 79' lang='lat' dir='ltr'>osterreichischen</span> <span class='ocrx_word' id='word_1_162' title='bbox 550 5254 733 5312; x_wconf 87' lang='lat' dir='ltr'>Geschichte</span> 
     </span>
     <span class='ocr_line' id='line_1_39' title="bbox 128 5356 733 5436; baseline 0.007 -24"><span class='ocrx_word' id='word_1_163' title='bbox 128 5359 270 5416; x_wconf 74' lang='lat' dir='ltr'>andische</span> <span class='ocrx_word' id='word_1_164' title='bbox 287 5359 415 5435; x_wconf 87' lang='lat' dir='ltr'>Jugend.</span> <span class='ocrx_word' id='word_1_165' title='bbox 440 5356 468 5436; x_wconf 79' lang='lat' dir='ltr'>(i.</span> <span class='ocrx_word' id='word_1_166' title='bbox 489 5378 515 5415; x_wconf 90' lang='grc'>1.</span> <span class='ocrx_word' id='word_1_167' title='bbox 533 5358 733 5416; x_wconf 89' lang='lat' dir='ltr'>Summarium</span> 
     </span>
     <span class='ocr_line' id='line_1_40' title="bbox 124 5461 733 5535; baseline 0.003 -18"><span class='ocrx_word' id='word_1_168' title='bbox 124 5465 245 5520; x_wconf 79' lang='lat' dir='ltr'>striacae</span> <span class='ocrx_word' id='word_1_169' title='bbox 267 5466 296 5519; x_wconf 91' lang='lat' dir='ltr'>in</span> <span class='ocrx_word' id='word_1_170' title='bbox 319 5482 403 5519; x_wconf 92' lang='lat' dir='ltr'>usum</span> <span class='ocrx_word' id='word_1_171' title='bbox 426 5461 608 5535; x_wconf 85' lang='lat' dir='ltr'>iuventutis.)</span> <span class='ocrx_word' id='word_1_172' title='bbox 638 5479 649 5520; x_wconf 92' lang='lat'>1</span> <span class='ocrx_word' id='word_1_173' title='bbox 673 5464 733 5520; x_wconf 83' lang='lat' dir='ltr'>vol.</span> 
     </span>
    </p>
   </div>
   <div class='ocr_carea' id='block_1_8' title="bbox 798 686 1634 3919">
    <p class='ocr_par' dir='ltr' id='par_1_8' title="bbox 799 686 1627 887">
     <span class='ocr_line' id='line_1_41' title="bbox 799 686 1627 786; baseline 0.005 -22"><span class='ocrx_word' id='word_1_174' title='bbox 799 705 842 764; x_wconf 89' lang='lat'>8⁰.</span> <span class='ocrx_word' id='word_1_175' title='bbox 864 722 888 763; x_wconf 92' lang='lat'>1.</span> <span class='ocrx_word' id='word_1_176' title='bbox 899 707 946 764; x_wconf 87' lang='lat' dir='ltr'>ed.</span> <span class='ocrx_word' id='word_1_177' title='bbox 963 707 1106 776; x_wconf 85' lang='lat' dir='ltr'>Viennae,</span> <span class='ocrx_word' id='word_1_178' title='bbox 1128 706 1219 781; x_wconf 92' lang='grc'><strong>1851,</strong></span> <span class='ocrx_word' id='word_1_179' title='bbox 1235 707 1457 785; x_wconf 87' lang='lat' dir='ltr'>apudGrandel</span> <span class='ocrx_word' id='word_1_180' title='bbox 1470 686 1501 766; x_wconf 82' lang='lat' dir='ltr'>et</span> <span class='ocrx_word' id='word_1_181' title='bbox 1512 710 1627 786; x_wconf 80' lang='lat' dir='ltr'>Meyer.</span> 
     </span>
     <span class='ocr_line' id='line_1_42' title="bbox 800 809 1308 887; baseline 0.004 -19"><span class='ocrx_word' id='word_1_182' title='bbox 800 825 829 868; x_wconf 89' lang='lat'>2.</span> <span class='ocrx_word' id='word_1_183' title='bbox 846 810 894 868; x_wconf 89' lang='lat' dir='ltr'>ed.</span> <span class='ocrx_word' id='word_1_184' title='bbox 916 809 1006 884; x_wconf 84' lang='lat'>1853,</span> <span class='ocrx_word' id='word_1_185' title='bbox 1023 826 1053 885; x_wconf 83' lang='lat'>3.</span> <span class='ocrx_word' id='word_1_186' title='bbox 1071 812 1119 869; x_wconf 88' lang='lat' dir='ltr'>ed.</span> <span class='ocrx_word' id='word_1_187' title='bbox 1139 811 1220 887; x_wconf 82' lang='lat'>1859</span> <span class='ocrx_word' id='word_1_188' title='bbox 1237 811 1308 870; x_wconf 90' lang='lat' dir='ltr'>ibid.</span> 
     </span>
    </p>

    <p class='ocr_par' dir='ltr' id='par_1_9' title="bbox 798 915 1631 2455">
     <span class='ocr_line' id='line_1_43' title="bbox 885 915 1627 993; baseline 0.004 -21"><span class='ocrx_word' id='word_1_189' title='bbox 885 915 924 972; x_wconf 91' lang='grc'>11.</span> <span class='ocrx_word' id='word_1_190' title='bbox 948 915 1120 973; x_wconf 89' lang='lat' dir='ltr'>Conciones</span> <span class='ocrx_word' id='word_1_191' title='bbox 1141 918 1319 993; x_wconf 90' lang='lat' dir='ltr'>primitiales</span> <span class='ocrx_word' id='word_1_192' title='bbox 1342 931 1373 975; x_wconf 91' lang='lat' dir='ltr'>et</span> <span class='ocrx_word' id='word_1_193' title='bbox 1396 919 1627 977; x_wconf 87' lang='lat' dir='ltr'>secunditiales:</span> 
     </span>
     <span class='ocr_line' id='line_1_44' title="bbox 799 1017 1628 1096; baseline 0.006 -20"><span class='ocrx_word' id='word_1_194' title='bbox 799 1021 852 1076; x_wconf 82' lang='grc'>811</span> <span class='ocrx_word' id='word_1_195' title='bbox 873 1017 1074 1096; x_wconf 88' lang='lat' dir='ltr'>Gelegenheit</span> <span class='ocrx_word' id='word_1_196' title='bbox 1097 1021 1151 1078; x_wconf 86' lang='lat' dir='ltr'>der</span> <span class='ocrx_word' id='word_1_197' title='bbox 1171 1021 1355 1079; x_wconf 85' lang='lat' dir='ltr'>Primizfeier</span> <span class='ocrx_word' id='word_1_198' title='bbox 1378 1022 1432 1080; x_wconf 89' lang='lat' dir='ltr'>des</span> <span class='ocrx_word' id='word_1_199' title='bbox 1447 1025 1480 1081; x_wconf 92' lang='lat' dir='ltr'>P.</span> <span class='ocrx_word' id='word_1_200' title='bbox 1497 1022 1628 1081; x_wconf 89' lang='lat' dir='ltr'>Norbert</span> 
     </span>
     <span class='ocr_line' id='line_1_45' title="bbox 799 1124 1627 1201; baseline 0.006 -21"><span class='ocrx_word' id='word_1_201' title='bbox 799 1124 938 1181; x_wconf 89' lang='lat' dir='ltr'>Dechant</span> <span class='ocrx_word' id='word_1_202' title='bbox 958 1142 1005 1181; x_wconf 91' lang='lat' dir='ltr'>am</span> <span class='ocrx_word' id='word_1_203' title='bbox 1025 1125 1117 1182; x_wconf 85' lang='lat' dir='ltr'>Feste</span> <span class='ocrx_word' id='word_1_204' title='bbox 1138 1124 1192 1182; x_wconf 90' lang='lat' dir='ltr'>der</span> <span class='ocrx_word' id='word_1_205' title='bbox 1212 1126 1240 1182; x_wconf 92' lang='lat' dir='ltr'>h.</span> <span class='ocrx_word' id='word_1_206' title='bbox 1257 1125 1353 1183; x_wconf 89' lang='lat' dir='ltr'>Anna.</span> <span class='ocrx_word' id='word_1_207' title='bbox 1370 1126 1515 1195; x_wconf 84' lang='lat' dir='ltr'>Viennae,</span> <span class='ocrx_word' id='word_1_208' title='bbox 1536 1125 1627 1201; x_wconf 82' lang='lat'>1845,</span> 
     </span>
     <span class='ocr_line' id='line_1_46' title="bbox 798 1227 1628 1304; baseline 0.005 -20"><span class='ocrx_word' id='word_1_209' title='bbox 798 1229 879 1304; x_wconf 89' lang='lat' dir='ltr'>typis</span> <span class='ocrx_word' id='word_1_210' title='bbox 894 1227 996 1285; x_wconf 89' lang='lat' dir='ltr'>Caroli</span> <span class='ocrx_word' id='word_1_211' title='bbox 1013 1227 1226 1286; x_wconf 87' lang='lat' dir='ltr'>Ueberreuter.</span> <span class='ocrx_word' id='word_1_212' title='bbox 1242 1263 1286 1271; x_wconf 94' lang='lat'>—</span> <span class='ocrx_word' id='word_1_213' title='bbox 1301 1230 1361 1287; x_wconf 90' lang='lat' dir='ltr'>Zur</span> <span class='ocrx_word' id='word_1_214' title='bbox 1375 1230 1558 1288; x_wconf 86' lang='lat' dir='ltr'>Primizfeier</span> <span class='ocrx_word' id='word_1_215' title='bbox 1574 1231 1628 1289; x_wconf 91' lang='lat' dir='ltr'>des</span> 
     </span>
     <span class='ocr_line' id='line_1_47' title="bbox 798 1331 1627 1411; baseline 0.002 -22"><span class='ocrx_word' id='word_1_216' title='bbox 798 1334 831 1390; x_wconf 88' lang='lat' dir='ltr'>P.</span> <span class='ocrx_word' id='word_1_217' title='bbox 841 1331 959 1390; x_wconf 89' lang='lat' dir='ltr'>Gerard</span> <span class='ocrx_word' id='word_1_218' title='bbox 967 1333 1089 1390; x_wconf 74' lang='lat' dir='ltr'>Bdumel</span> <span class='ocrx_word' id='word_1_219' title='bbox 1105 1351 1152 1390; x_wconf 90' lang='lat' dir='ltr'>am</span> <span class='ocrx_word' id='word_1_220' title='bbox 1168 1347 1195 1408; x_wconf 86' lang='lat'>7.</span> <span class='ocrx_word' id='word_1_221' title='bbox 1205 1331 1363 1409; x_wconf 85' lang='lat' dir='ltr'>Sonntage</span> <span class='ocrx_word' id='word_1_222' title='bbox 1375 1336 1451 1392; x_wconf 90' lang='lat' dir='ltr'>nach</span> <span class='ocrx_word' id='word_1_223' title='bbox 1464 1335 1627 1411; x_wconf 86' lang='lat' dir='ltr'>Psmgsten.</span> 
     </span>
     <span class='ocr_line' id='line_1_48' title="bbox 798 1436 1629 1514; baseline 0.001 -19"><span class='ocrx_word' id='word_1_224' title='bbox 798 1437 943 1505; x_wconf 87' lang='lat' dir='ltr'>Viennae,</span> <span class='ocrx_word' id='word_1_225' title='bbox 971 1436 1067 1510; x_wconf 86' lang='lat'>1854,</span> <span class='ocrx_word' id='word_1_226' title='bbox 1095 1439 1175 1514; x_wconf 89' lang='lat' dir='ltr'>typis</span> <span class='ocrx_word' id='word_1_227' title='bbox 1197 1437 1267 1495; x_wconf 81' lang='lat' dir='ltr'>Ant</span> <span class='ocrx_word' id='word_1_228' title='bbox 1292 1437 1479 1513; x_wconf 88' lang='lat' dir='ltr'>Schweiger.</span> <span class='ocrx_word' id='word_1_229' title='bbox 1503 1441 1629 1496; x_wconf 90' lang='lat' dir='ltr'>—Zur</span> 
     </span>
     <span class='ocr_line' id='line_1_49' title="bbox 799 1541 1628 1619; baseline 0.005 -21"><span class='ocrx_word' id='word_1_230' title='bbox 799 1541 983 1599; x_wconf 86' lang='lat' dir='ltr'>Primizleier</span> <span class='ocrx_word' id='word_1_231' title='bbox 999 1541 1053 1599; x_wconf 88' lang='lat' dir='ltr'>des</span> <span class='ocrx_word' id='word_1_232' title='bbox 1069 1543 1169 1599; x_wconf 87' lang='lat' dir='ltr'>Herm</span> <span class='ocrx_word' id='word_1_233' title='bbox 1181 1543 1295 1619; x_wconf 89' lang='lat' dir='ltr'>Joseph</span> <span class='ocrx_word' id='word_1_234' title='bbox 1307 1561 1368 1601; x_wconf 92' lang='lat' dir='ltr'>von</span> <span class='ocrx_word' id='word_1_235' title='bbox 1380 1544 1628 1618; x_wconf 85' lang='lat' dir='ltr'>Langenmantel,</span> 
     </span>
     <span class='ocr_line' id='line_1_50' title="bbox 798 1645 1630 1723; baseline 0.005 -21"><span class='ocrx_word' id='word_1_236' title='bbox 798 1646 1029 1723; x_wconf 89' lang='lat' dir='ltr'>Weltpriesters</span> <span class='ocrx_word' id='word_1_237' title='bbox 1038 1646 1092 1703; x_wconf 87' lang='lat' dir='ltr'>der</span> <span class='ocrx_word' id='word_1_238' title='bbox 1100 1645 1257 1705; x_wconf 89' lang='lat' dir='ltr'>Seckauer</span> <span class='ocrx_word' id='word_1_239' title='bbox 1266 1648 1409 1716; x_wconf 85' lang='lat' dir='ltr'>Didcese,</span> <span class='ocrx_word' id='word_1_240' title='bbox 1418 1666 1465 1705; x_wconf 88' lang='lat' dir='ltr'>am</span> <span class='ocrx_word' id='word_1_241' title='bbox 1476 1663 1524 1706; x_wconf 90' lang='lat'>10.</span> <span class='ocrx_word' id='word_1_242' title='bbox 1530 1648 1630 1707; x_wconf 78' lang='grc'><strong>501111-</strong></span> 
     </span>
     <span class='ocr_line' id='line_1_51' title="bbox 798 1750 1629 1831; baseline 0.004 -23"><span class='ocrx_word' id='word_1_243' title='bbox 798 1763 869 1826; x_wconf 89' lang='lat' dir='ltr'>tage</span> <span class='ocrx_word' id='word_1_244' title='bbox 892 1752 968 1808; x_wconf 90' lang='lat' dir='ltr'>nach</span> <span class='ocrx_word' id='word_1_245' title='bbox 991 1751 1154 1826; x_wconf 85' lang='lat' dir='ltr'>Pfingsten.</span> <span class='ocrx_word' id='word_1_246' title='bbox 1175 1752 1319 1819; x_wconf 87' lang='lat' dir='ltr'>Viennae,</span> <span class='ocrx_word' id='word_1_247' title='bbox 1341 1750 1432 1826; x_wconf 82' lang='lat'>1855,</span> <span class='ocrx_word' id='word_1_248' title='bbox 1458 1756 1538 1831; x_wconf 90' lang='lat' dir='ltr'>typis</span> <span class='ocrx_word' id='word_1_249' title='bbox 1558 1753 1629 1811; x_wconf 84' lang='lat' dir='ltr'>Ant.</span> 
     </span>
     <span class='ocr_line' id='line_1_52' title="bbox 799 1853 1630 1930; baseline 0.005 -18"><span class='ocrx_word' id='word_1_250' title='bbox 799 1853 986 1930; x_wconf 86' lang='lat' dir='ltr'>Schweiger.</span> <span class='ocrx_word' id='word_1_251' title='bbox 1010 1888 1053 1897; x_wconf 90' lang='lat'>-</span> <span class='ocrx_word' id='word_1_252' title='bbox 1075 1857 1136 1913; x_wconf 90' lang='lat' dir='ltr'>Zur</span> <span class='ocrx_word' id='word_1_253' title='bbox 1156 1855 1339 1913; x_wconf 86' lang='lat' dir='ltr'>Primizfeier</span> <span class='ocrx_word' id='word_1_254' title='bbox 1361 1857 1415 1914; x_wconf 88' lang='lat' dir='ltr'>des</span> <span class='ocrx_word' id='word_1_255' title='bbox 1436 1858 1469 1916; x_wconf 89' lang='lat' dir='ltr'>P.</span> <span class='ocrx_word' id='word_1_256' title='bbox 1486 1859 1630 1916; x_wconf 89' lang='lat' dir='ltr'>Berthold</span> 
     </span>
     <span class='ocr_line' id='line_1_53' title="bbox 800 1959 1630 2037; baseline 0.006 -21"><span class='ocrx_word' id='word_1_257' title='bbox 800 1960 944 2018; x_wconf 85' lang='lat' dir='ltr'>Reissner</span> <span class='ocrx_word' id='word_1_258' title='bbox 959 1979 1007 2017; x_wconf 89' lang='lat' dir='ltr'>am</span> <span class='ocrx_word' id='word_1_259' title='bbox 1027 1975 1074 2018; x_wconf 92' lang='lat'>10.</span> <span class='ocrx_word' id='word_1_260' title='bbox 1092 1959 1249 2036; x_wconf 89' lang='lat' dir='ltr'>Sonntage</span> <span class='ocrx_word' id='word_1_261' title='bbox 1265 1962 1342 2018; x_wconf 89' lang='lat' dir='ltr'>nach</span> <span class='ocrx_word' id='word_1_262' title='bbox 1359 1962 1522 2037; x_wconf 84' lang='lat' dir='ltr'>Psmgsten.</span> <span class='ocrx_word' id='word_1_263' title='bbox 1538 1963 1630 2020; x_wconf 90' lang='lat' dir='ltr'>Vien-</span> 
     </span>
     <span class='ocr_line' id='line_1_54' title="bbox 800 2063 1630 2142; baseline 0.004 -20"><span class='ocrx_word' id='word_1_264' title='bbox 800 2084 866 2134; x_wconf 89' lang='lat' dir='ltr'>nae,</span> <span class='ocrx_word' id='word_1_265' title='bbox 888 2063 978 2138; x_wconf 91' lang='grc'><strong>1858,</strong></span> <span class='ocrx_word' id='word_1_266' title='bbox 995 2067 1075 2142; x_wconf 87' lang='lat' dir='ltr'>typis</span> <span class='ocrx_word' id='word_1_267' title='bbox 1091 2065 1161 2122; x_wconf 89' lang='lat' dir='ltr'>Ant.</span> <span class='ocrx_word' id='word_1_268' title='bbox 1178 2064 1364 2141; x_wconf 87' lang='lat' dir='ltr'>Schweiger.</span> <span class='ocrx_word' id='word_1_269' title='bbox 1381 2100 1424 2108; x_wconf 93' lang='lat'>-</span> <span class='ocrx_word' id='word_1_270' title='bbox 1439 2068 1499 2125; x_wconf 91' lang='lat' dir='ltr'>Zur</span> <span class='ocrx_word' id='word_1_271' title='bbox 1514 2066 1630 2125; x_wconf 89' lang='lat' dir='ltr'>Secun-</span> 
     </span>
     <span class='ocr_line' id='line_1_55' title="bbox 800 2168 1631 2246; baseline 0.002 -20"><span class='ocrx_word' id='word_1_272' title='bbox 800 2169 923 2227; x_wconf 83' lang='lat' dir='ltr'>dizieier</span> <span class='ocrx_word' id='word_1_273' title='bbox 945 2169 999 2226; x_wconf 87' lang='lat' dir='ltr'>des</span> <span class='ocrx_word' id='word_1_274' title='bbox 1023 2169 1123 2226; x_wconf 87' lang='lat' dir='ltr'>Herm</span> <span class='ocrx_word' id='word_1_275' title='bbox 1142 2170 1256 2246; x_wconf 89' lang='lat' dir='ltr'>Joseph</span> <span class='ocrx_word' id='word_1_276' title='bbox 1279 2168 1452 2239; x_wconf 82' lang='lat' dir='ltr'>Schrdtter,</span> <span class='ocrx_word' id='word_1_277' title='bbox 1477 2171 1631 2229; x_wconf 89' lang='lat' dir='ltr'>Dechants</span> 
     </span>
     <span class='ocr_line' id='line_1_56' title="bbox 801 2273 1631 2351; baseline 0.001 -19"><span class='ocrx_word' id='word_1_278' title='bbox 801 2274 860 2332; x_wconf 92' lang='lat' dir='ltr'>und</span> <span class='ocrx_word' id='word_1_279' title='bbox 876 2274 1014 2332; x_wconf 84' lang='lat' dir='ltr'>Plarrers</span> <span class='ocrx_word' id='word_1_280' title='bbox 1029 2294 1065 2330; x_wconf 90' lang='lat' dir='ltr'>zu</span> <span class='ocrx_word' id='word_1_281' title='bbox 1082 2273 1282 2332; x_wconf 85' lang='lat' dir='ltr'>Altenlelden.</span> <span class='ocrx_word' id='word_1_282' title='bbox 1299 2274 1438 2343; x_wconf 89' lang='lat' dir='ltr'>Lentiae,</span> <span class='ocrx_word' id='word_1_283' title='bbox 1459 2274 1549 2349; x_wconf 86' lang='lat'>1867,</span> <span class='ocrx_word' id='word_1_284' title='bbox 1567 2288 1631 2351; x_wconf 87' lang='lat' dir='ltr'>typ.</span> 
     </span>
     <span class='ocr_line' id='line_1_57' title="bbox 801 2378 1396 2455; baseline -0.002 -19"><span class='ocrx_word' id='word_1_285' title='bbox 801 2391 832 2436; x_wconf 94' lang='lat' dir='ltr'>et</span> <span class='ocrx_word' id='word_1_286' title='bbox 848 2391 958 2455; x_wconf 81' lang='lat' dir='ltr'>sumpt.</span> <span class='ocrx_word' id='word_1_287' title='bbox 974 2379 1125 2437; x_wconf 90' lang='lat' dir='ltr'>Hucmers</span> <span class='ocrx_word' id='word_1_288' title='bbox 1140 2378 1200 2436; x_wconf 87' lang='lat' dir='ltr'>vid.</span> <span class='ocrx_word' id='word_1_289' title='bbox 1218 2391 1248 2436; x_wconf 86' lang='lat' dir='ltr'>et</span> <span class='ocrx_word' id='word_1_290' title='bbox 1263 2379 1396 2436; x_wconf 85' lang='lat' dir='ltr'>Dauner.</span> 
     </span>
    </p>

    <p class='ocr_par' dir='ltr' id='par_1_10' title="bbox 800 2482 1632 3189">
     <span class='ocr_line' id='line_1_58' title="bbox 888 2482 1632 2558; baseline 0 -19"><span class='ocrx_word' id='word_1_291' title='bbox 888 2484 940 2540; x_wconf 92' lang='lat' dir='ltr'>III.</span> <span class='ocrx_word' id='word_1_292' title='bbox 966 2484 1138 2541; x_wconf 89' lang='lat' dir='ltr'>Conciones</span> <span class='ocrx_word' id='word_1_293' title='bbox 1162 2482 1273 2539; x_wconf 90' lang='lat' dir='ltr'>divers.</span> <span class='ocrx_word' id='word_1_294' title='bbox 1298 2485 1327 2539; x_wconf 91' lang='lat' dir='ltr'>in</span> <span class='ocrx_word' id='word_1_295' title='bbox 1350 2500 1484 2540; x_wconf 68' lang='lat' dir='ltr'>occasa:</span> <span class='ocrx_word' id='word_1_296' title='bbox 1509 2483 1632 2558; x_wconf 87' lang='lat' dir='ltr'>Predigt</span> 
     </span>
     <span class='ocr_line' id='line_1_59' title="bbox 800 2586 1631 2664; baseline -0.001 -19"><span class='ocrx_word' id='word_1_297' title='bbox 800 2608 854 2645; x_wconf 87' lang='lat' dir='ltr'>zur</span> <span class='ocrx_word' id='word_1_298' title='bbox 881 2587 1048 2664; x_wconf 73' lang='lat' dir='ltr'>jahrlichen</span> <span class='ocrx_word' id='word_1_299' title='bbox 1078 2586 1315 2644; x_wconf 83' lang='lat' dir='ltr'>Patronatsleier</span> <span class='ocrx_word' id='word_1_300' title='bbox 1349 2587 1403 2644; x_wconf 92' lang='lat' dir='ltr'>des</span> <span class='ocrx_word' id='word_1_301' title='bbox 1437 2588 1631 2663; x_wconf 85' lang='lat' dir='ltr'>Handlungs·</span> 
     </span>
     <span class='ocr_line' id='line_1_60' title="bbox 802 2691 1630 2767; baseline -0.001 -17"><span class='ocrx_word' id='word_1_302' title='bbox 802 2693 1099 2750; x_wconf 87' lang='lat' dir='ltr'>Krankeninstitutes</span> <span class='ocrx_word' id='word_1_303' title='bbox 1122 2711 1169 2749; x_wconf 91' lang='lat' dir='ltr'>am</span> <span class='ocrx_word' id='word_1_304' title='bbox 1193 2691 1461 2767; x_wconf 85' lang='lat' dir='ltr'>Psrngstmontage.</span> <span class='ocrx_word' id='word_1_305' title='bbox 1485 2691 1630 2758; x_wconf 87' lang='lat' dir='ltr'>Viennae,</span> 
     </span>
     <span class='ocr_line' id='line_1_61' title="bbox 805 2796 1632 2874; baseline -0.001 -20"><span class='ocrx_word' id='word_1_306' title='bbox 805 2796 896 2873; x_wconf 82' lang='lat'>1859,</span> <span class='ocrx_word' id='word_1_307' title='bbox 914 2800 994 2874; x_wconf 91' lang='lat' dir='ltr'>typis</span> <span class='ocrx_word' id='word_1_308' title='bbox 1010 2816 1114 2873; x_wconf 85' lang='lat' dir='ltr'>congr.</span> <span class='ocrx_word' id='word_1_309' title='bbox 1132 2797 1274 2855; x_wconf 89' lang='lat' dir='ltr'>Mechith.</span> <span class='ocrx_word' id='word_1_310' title='bbox 1295 2831 1338 2839; x_wconf 89' lang='lat'>-</span> <span class='ocrx_word' id='word_1_311' title='bbox 1358 2799 1409 2854; x_wconf 86' lang='lat' dir='ltr'>Bei</span> <span class='ocrx_word' id='word_1_312' title='bbox 1430 2796 1632 2873; x_wconf 87' lang='lat' dir='ltr'>Gelegenheit</span> 
     </span>
     <span class='ocr_line' id='line_1_62' title="bbox 801 2901 1631 2976; baseline -0.004 -15"><span class='ocrx_word' id='word_1_313' title='bbox 801 2904 856 2961; x_wconf 91' lang='lat' dir='ltr'>der</span> <span class='ocrx_word' id='word_1_314' title='bbox 882 2904 920 2961; x_wconf 92' lang='lat' dir='ltr'>ll.</span> <span class='ocrx_word' id='word_1_315' title='bbox 946 2902 1150 2961; x_wconf 80' lang='lat' dir='ltr'>sacularseier</span> <span class='ocrx_word' id='word_1_316' title='bbox 1176 2902 1230 2959; x_wconf 90' lang='lat' dir='ltr'>der</span> <span class='ocrx_word' id='word_1_317' title='bbox 1254 2902 1424 2976; x_wconf 84' lang='lat' dir='ltr'>Griindung</span> <span class='ocrx_word' id='word_1_318' title='bbox 1449 2902 1503 2959; x_wconf 89' lang='lat' dir='ltr'>der</span> <span class='ocrx_word' id='word_1_319' title='bbox 1527 2901 1631 2959; x_wconf 86' lang='lat' dir='ltr'>Plarre</span> 
     </span>
     <span class='ocr_line' id='line_1_63' title="bbox 801 3006 1630 3084; baseline -0.002 -19"><span class='ocrx_word' id='word_1_320' title='bbox 801 3006 846 3065; x_wconf 91' lang='lat' dir='ltr'>St.</span> <span class='ocrx_word' id='word_1_321' title='bbox 863 3008 1004 3084; x_wconf 85' lang='lat' dir='ltr'>Leopold</span> <span class='ocrx_word' id='word_1_322' title='bbox 1020 3010 1050 3065; x_wconf 94' lang='lat' dir='ltr'>in</span> <span class='ocrx_word' id='word_1_323' title='bbox 1062 3008 1152 3065; x_wconf 91' lang='lat' dir='ltr'>Wien</span> <span class='ocrx_word' id='word_1_324' title='bbox 1164 3025 1212 3064; x_wconf 89' lang='lat' dir='ltr'>am</span> <span class='ocrx_word' id='word_1_325' title='bbox 1226 3023 1277 3066; x_wconf 88' lang='lat'>22.</span> <span class='ocrx_word' id='word_1_326' title='bbox 1287 3009 1362 3065; x_wconf 89' lang='lat' dir='ltr'>Nov.</span> <span class='ocrx_word' id='word_1_327' title='bbox 1378 3006 1468 3082; x_wconf 87' lang='lat'><strong>1870.</strong></span> <span class='ocrx_word' id='word_1_328' title='bbox 1485 3007 1630 3076; x_wconf 86' lang='lat' dir='ltr'>Viennae,</span> 
     </span>
     <span class='ocr_line' id='line_1_64' title="bbox 806 3110 1412 3189; baseline -0.002 -19"><span class='ocrx_word' id='word_1_329' title='bbox 806 3110 897 3186; x_wconf 87' lang='grc'><strong>1871,</strong></span> <span class='ocrx_word' id='word_1_330' title='bbox 914 3124 977 3189; x_wconf 81' lang='lat' dir='ltr'>typ.</span> <span class='ocrx_word' id='word_1_331' title='bbox 995 3124 1026 3168; x_wconf 91' lang='lat' dir='ltr'>et</span> <span class='ocrx_word' id='word_1_332' title='bbox 1041 3124 1151 3188; x_wconf 91' lang='lat' dir='ltr'>sumpt.</span> <span class='ocrx_word' id='word_1_333' title='bbox 1168 3112 1203 3169; x_wconf 87' lang='lat' dir='ltr'>F.</span> <span class='ocrx_word' id='word_1_334' title='bbox 1220 3111 1412 3188; x_wconf 86' lang='lat' dir='ltr'>Eipeldauer.</span> 
     </span>
    </p>

    <p class='ocr_par' dir='ltr' id='par_1_11' title="bbox 802 3215 1633 3608">
     <span class='ocr_line' id='line_1_65' title="bbox 887 3215 1632 3291; baseline -0.003 -18"><span class='ocrx_word' id='word_1_335' title='bbox 887 3216 939 3274; x_wconf 92' lang='lat' dir='ltr'>1v.</span> <span class='ocrx_word' id='word_1_336' title='bbox 956 3215 1265 3283; x_wconf 78' lang='lat' dir='ltr'>Weihrauchkdrner,</span> <span class='ocrx_word' id='word_1_337' title='bbox 1285 3228 1423 3291; x_wconf 89' lang='lat' dir='ltr'>gestreut</span> <span class='ocrx_word' id='word_1_338' title='bbox 1443 3235 1496 3272; x_wconf 91' lang='lat' dir='ltr'>zur</span> <span class='ocrx_word' id='word_1_339' title='bbox 1510 3217 1632 3272; x_wconf 89' lang='lat' dir='ltr'>Primiz·</span> 
     </span>
     <span class='ocr_line' id='line_1_66' title="bbox 802 3317 1632 3396; baseline -0.002 -18"><span class='ocrx_word' id='word_1_340' title='bbox 802 3320 877 3379; x_wconf 85' lang='lat' dir='ltr'>leier</span> <span class='ocrx_word' id='word_1_341' title='bbox 901 3321 955 3378; x_wconf 88' lang='lat' dir='ltr'>des</span> <span class='ocrx_word' id='word_1_342' title='bbox 978 3321 1011 3377; x_wconf 93' lang='lat' dir='ltr'>P.</span> <span class='ocrx_word' id='word_1_343' title='bbox 1034 3319 1109 3376; x_wconf 94' lang='lat' dir='ltr'>Otto</span> <span class='ocrx_word' id='word_1_344' title='bbox 1131 3320 1303 3396; x_wconf 89' lang='lat' dir='ltr'>Mosmeyer</span> <span class='ocrx_word' id='word_1_345' title='bbox 1326 3338 1373 3376; x_wconf 94' lang='lat' dir='ltr'>am</span> <span class='ocrx_word' id='word_1_346' title='bbox 1396 3317 1632 3393; x_wconf 79' lang='lat' dir='ltr'>30.Iul.1843.</span> 
     </span>
     <span class='ocr_line' id='line_1_67' title="bbox 802 3408 1633 3500; baseline -0.006 -15"><span class='ocrx_word' id='word_1_347' title='bbox 802 3429 866 3485; x_wconf 90' lang='lat' dir='ltr'>Der</span> <span class='ocrx_word' id='word_1_348' title='bbox 881 3408 996 3482; x_wconf 83' lang='lat' dir='ltr'>Bruder</span> <span class='ocrx_word' id='word_1_349' title='bbox 1011 3426 1124 3482; x_wconf 88' lang='lat' dir='ltr'>seinem</span> <span class='ocrx_word' id='word_1_350' title='bbox 1140 3423 1265 3481; x_wconf 89' lang='lat' dir='ltr'>Bruder.</span> <span class='ocrx_word' id='word_1_351' title='bbox 1282 3424 1425 3492; x_wconf 90' lang='lat' dir='ltr'>Viennae,</span> <span class='ocrx_word' id='word_1_352' title='bbox 1445 3422 1535 3497; x_wconf 82' lang='lat'>1843,</span> <span class='ocrx_word' id='word_1_353' title='bbox 1552 3426 1633 3500; x_wconf 89' lang='lat' dir='ltr'>typis</span> 
     </span>
     <span class='ocr_line' id='line_1_68' title="bbox 803 3525 1455 3608; baseline -0.008 -18"><span class='ocrx_word' id='word_1_354' title='bbox 803 3531 905 3590; x_wconf 87' lang='lat' dir='ltr'>Caroli</span> <span class='ocrx_word' id='word_1_355' title='bbox 921 3528 1134 3589; x_wconf 87' lang='lat' dir='ltr'>Ueberreuter.</span> <span class='ocrx_word' id='word_1_356' title='bbox 1151 3525 1291 3607; x_wconf 88' lang='lat' dir='ltr'>(Carmen</span> <span class='ocrx_word' id='word_1_357' title='bbox 1308 3527 1455 3608; x_wconf 85' lang='lat' dir='ltr'>lyricum.)</span> 
     </span>
    </p>

    <p class='ocr_par' dir='ltr' id='par_1_12' title="bbox 804 3633 1634 3919">
     <span class='ocr_line' id='line_1_69' title="bbox 889 3633 1634 3711; baseline -0.005 -18"><span class='ocrx_word' id='word_1_358' title='bbox 889 3637 926 3694; x_wconf 93' lang='lat' dir='ltr'>V.</span> <span class='ocrx_word' id='word_1_359' title='bbox 955 3636 1059 3692; x_wconf 92' lang='lat' dir='ltr'>Locos</span> <span class='ocrx_word' id='word_1_360' title='bbox 1086 3652 1180 3711; x_wconf 91' lang='lat' dir='ltr'>porro</span> <span class='ocrx_word' id='word_1_361' title='bbox 1209 3634 1395 3710; x_wconf 89' lang='lat' dir='ltr'>complures,</span> <span class='ocrx_word' id='word_1_362' title='bbox 1416 3649 1505 3709; x_wconf 85' lang='lat' dir='ltr'>¹quos</span> <span class='ocrx_word' id='word_1_363' title='bbox 1532 3633 1634 3690; x_wconf 90' lang='lat' dir='ltr'>dicunt</span> 
     </span>
     <span class='ocr_line' id='line_1_70' title="bbox 804 3736 1634 3809; baseline -0.007 -10"><span class='ocrx_word' id='word_1_364' title='bbox 804 3740 1033 3807; x_wconf 86' lang='lat' dir='ltr'>belletristicos,</span> <span class='ocrx_word' id='word_1_365' title='bbox 1058 3740 1184 3796; x_wconf 87' lang='lat' dir='ltr'>inseruit</span> <span class='ocrx_word' id='word_1_366' title='bbox 1205 3740 1296 3795; x_wconf 88' lang='lat' dir='ltr'>variis</span> <span class='ocrx_word' id='word_1_367' title='bbox 1320 3736 1427 3795; x_wconf 89' lang='lat' dir='ltr'>libellis</span> <span class='ocrx_word' id='word_1_368' title='bbox 1451 3740 1493 3794; x_wconf 92' lang='lat' dir='ltr'>uti</span> <span class='ocrx_word' id='word_1_369' title='bbox 1520 3737 1634 3809; x_wconf 84' lang='lat' dir='ltr'>„Wan-</span> 
     </span>
     <span class='ocr_line' id='line_1_71' title="bbox 807 3841 1317 3919; baseline -0.006 -17"><span class='ocrx_word' id='word_1_370' title='bbox 807 3845 913 3902; x_wconf 83' lang='lat' dir='ltr'>derer“</span> <span class='ocrx_word' id='word_1_371' title='bbox 933 3857 964 3901; x_wconf 90' lang='lat' dir='ltr'>et</span> <span class='ocrx_word' id='word_1_372' title='bbox 982 3845 1104 3919; x_wconf 87' lang='lat' dir='ltr'>„Langs</span> <span class='ocrx_word' id='word_1_373' title='bbox 1120 3841 1317 3900; x_wconf 84' lang='lat' dir='ltr'>Hausbuch“.</span> 
     </span>
    </p>
   </div>
   <div class='ocr_carea' id='block_1_9' title="bbox 807 3993 1637 4201">
    <p class='ocr_par' dir='ltr' id='par_1_13' title="bbox 807 3993 1637 4201">
     <span class='ocr_line' id='line_1_72' title="bbox 892 3993 1637 4085; baseline -0.001 -21"><span class='ocrx_word' id='word_1_374' title='bbox 892 3993 1062 4085; x_wconf 85' lang='lat' dir='ltr'>Langes</span> <span class='ocrx_word' id='word_1_375' title='bbox 1080 4001 1338 4064; x_wconf 89' lang='lat' dir='ltr'>Benedictus</span> <span class='ocrx_word' id='word_1_376' title='bbox 1352 4000 1637 4082; x_wconf 89' lang='lat' dir='ltr'>(Mariaemon-</span> 
     </span>
     <span class='ocr_line' id='line_1_73' title="bbox 807 4118 1637 4201; baseline -0.001 -18"><span class='ocrx_word' id='word_1_377' title='bbox 807 4121 953 4200; x_wconf 88' lang='lat' dir='ltr'>tanus),</span> <span class='ocrx_word' id='word_1_378' title='bbox 966 4128 1071 4182; x_wconf 88' lang='lat' dir='ltr'>natus</span> <span class='ocrx_word' id='word_1_379' title='bbox 1084 4119 1119 4182; x_wconf 93' lang='lat' dir='ltr'>in</span> <span class='ocrx_word' id='word_1_380' title='bbox 1133 4119 1269 4200; x_wconf 79' lang='lat' dir='ltr'>TisenS,</span> <span class='ocrx_word' id='word_1_381' title='bbox 1281 4118 1387 4200; x_wconf 85' lang='lat' dir='ltr'>Tirol,</span> <span class='ocrx_word' id='word_1_382' title='bbox 1398 4123 1427 4181; x_wconf 82' lang='lat'>3.</span> <span class='ocrx_word' id='word_1_383' title='bbox 1437 4119 1531 4201; x_wconf 90' lang='lat' dir='ltr'>Aug.</span> <span class='ocrx_word' id='word_1_384' title='bbox 1546 4123 1637 4201; x_wconf 83' lang='lat'>1750,</span> 
     </span>
    </p>
   </div>
   <div class='ocr_carea' id='block_1_10' title="bbox 808 4240 1643 5538">
    <p class='ocr_par' dir='ltr' id='par_1_14' title="bbox 808 4240 1643 5538">
     <span class='ocr_line' id='line_1_74' title="bbox 808 4240 1638 4325; baseline -0.001 -20"><span class='ocrx_word' id='word_1_385' title='bbox 808 4242 992 4325; x_wconf 87' lang='lat' dir='ltr'>professus</span> <span class='ocrx_word' id='word_1_386' title='bbox 1014 4262 1060 4303; x_wconf 84' lang='lat'>11.</span> <span class='ocrx_word' id='word_1_387' title='bbox 1073 4240 1163 4304; x_wconf 93' lang='lat' dir='ltr'>Nov.</span> <span class='ocrx_word' id='word_1_388' title='bbox 1182 4259 1272 4322; x_wconf 89' lang='lat'>1770,</span> <span class='ocrx_word' id='word_1_389' title='bbox 1289 4261 1316 4303; x_wconf 90' lang='lat' dir='ltr'>s.</span> <span class='ocrx_word' id='word_1_390' title='bbox 1330 4241 1513 4304; x_wconf 91' lang='lat' dir='ltr'>ordinibus</span> <span class='ocrx_word' id='word_1_391' title='bbox 1529 4243 1638 4305; x_wconf 91' lang='lat' dir='ltr'>dona·</span> 
     </span>
     <span class='ocr_line' id='line_1_75' title="bbox 809 4362 1639 4445; baseline -0.001 -18"><span class='ocrx_word' id='word_1_392' title='bbox 809 4373 867 4427; x_wconf 91' lang='lat' dir='ltr'>tus</span> <span class='ocrx_word' id='word_1_393' title='bbox 883 4372 939 4426; x_wconf 87' lang='lat' dir='ltr'>est</span> <span class='ocrx_word' id='word_1_394' title='bbox 956 4366 1006 4426; x_wconf 76' lang='grc'>16.</span> <span class='ocrx_word' id='word_1_395' title='bbox 1019 4362 1107 4426; x_wconf 91' lang='lat' dir='ltr'>Dec.</span> <span class='ocrx_word' id='word_1_396' title='bbox 1125 4367 1215 4442; x_wconf 83' lang='lat'>1773.</span> <span class='ocrx_word' id='word_1_397' title='bbox 1231 4362 1379 4426; x_wconf 90' lang='lat' dir='ltr'>Munere</span> <span class='ocrx_word' id='word_1_398' title='bbox 1391 4363 1538 4445; x_wconf 91' lang='lat' dir='ltr'>parochi</span> <span class='ocrx_word' id='word_1_399' title='bbox 1550 4364 1639 4426; x_wconf 92' lang='lat' dir='ltr'>Bur-</span> 
     </span>
     <span class='ocr_line' id='line_1_76' title="bbox 809 4483 1638 4567; baseline 0 -20"><span class='ocrx_word' id='word_1_400' title='bbox 809 4483 960 4567; x_wconf 90' lang='lat' dir='ltr'>gusiani,</span> <span class='ocrx_word' id='word_1_401' title='bbox 977 4483 1114 4566; x_wconf 89' lang='lat' dir='ltr'>prioris,</span> <span class='ocrx_word' id='word_1_402' title='bbox 1136 4483 1309 4564; x_wconf 87' lang='lat' dir='ltr'>praefecti</span> <span class='ocrx_word' id='word_1_403' title='bbox 1329 4484 1506 4567; x_wconf 88' lang='lat' dir='ltr'>gymnasii</span> <span class='ocrx_word' id='word_1_404' title='bbox 1522 4485 1638 4548; x_wconf 83' lang='lat' dir='ltr'>Mera-</span> 
     </span>
     <span class='ocr_line' id='line_1_77' title="bbox 809 4603 1637 4687; baseline 0 -18"><span class='ocrx_word' id='word_1_405' title='bbox 809 4606 929 4670; x_wconf 89' lang='lat' dir='ltr'>nensis</span> <span class='ocrx_word' id='word_1_406' title='bbox 945 4626 987 4669; x_wconf 95' lang='lat' dir='ltr'>ac</span> <span class='ocrx_word' id='word_1_407' title='bbox 1003 4603 1196 4686; x_wconf 87' lang='lat' dir='ltr'>superioris</span> <span class='ocrx_word' id='word_1_408' title='bbox 1213 4604 1355 4687; x_wconf 87' lang='lat' dir='ltr'>collegii</span> <span class='ocrx_word' id='word_1_409' title='bbox 1375 4605 1486 4668; x_wconf 89' lang='lat' dir='ltr'>nostri</span> <span class='ocrx_word' id='word_1_410' title='bbox 1507 4605 1637 4669; x_wconf 91' lang='lat' dir='ltr'>ibidem</span> 
     </span>
     <span class='ocr_line' id='line_1_78' title="bbox 809 4725 1639 4811; baseline 0 -19"><span class='ocrx_word' id='word_1_411' title='bbox 809 4729 952 4792; x_wconf 89' lang='lat' dir='ltr'>functus</span> <span class='ocrx_word' id='word_1_412' title='bbox 969 4737 1033 4792; x_wconf 90' lang='lat' dir='ltr'>est.</span> <span class='ocrx_word' id='word_1_413' title='bbox 1055 4725 1238 4790; x_wconf 85' lang='lat' dir='ltr'>Genuinus</span> <span class='ocrx_word' id='word_1_414' title='bbox 1254 4727 1442 4790; x_wconf 89' lang='lat' dir='ltr'>Benedicti</span> <span class='ocrx_word' id='word_1_415' title='bbox 1457 4726 1549 4791; x_wconf 89' lang='lat' dir='ltr'>filius</span> <span class='ocrx_word' id='word_1_416' title='bbox 1564 4729 1639 4811; x_wconf 92' lang='lat' dir='ltr'>pie-</span> 
     </span>
     <span class='ocr_line' id='line_1_79' title="bbox 810 4848 1638 4931; baseline 0 -18"><span class='ocrx_word' id='word_1_417' title='bbox 810 4859 884 4913; x_wconf 83' lang='lat' dir='ltr'>tate</span> <span class='ocrx_word' id='word_1_418' title='bbox 900 4849 936 4912; x_wconf 91' lang='grc'>111</span> <span class='ocrx_word' id='word_1_419' title='bbox 951 4848 1068 4911; x_wconf 88' lang='lat' dir='ltr'>Deum</span> <span class='ocrx_word' id='word_1_420' title='bbox 1084 4857 1120 4912; x_wconf 89' lang='lat' dir='ltr'>et</span> <span class='ocrx_word' id='word_1_421' title='bbox 1136 4849 1346 4931; x_wconf 82' lang='lat' dir='ltr'>proximum,</span> <span class='ocrx_word' id='word_1_422' title='bbox 1369 4849 1638 4914; x_wconf 88' lang='lat' dir='ltr'>mortificatione</span> 
     </span>
     <span class='ocr_line' id='line_1_80' title="bbox 811 4969 1640 5054; baseline -0.001 -19"><span class='ocrx_word' id='word_1_423' title='bbox 811 4971 875 5053; x_wconf 91' lang='lat' dir='ltr'>sui,</span> <span class='ocrx_word' id='word_1_424' title='bbox 895 4969 990 5034; x_wconf 93' lang='lat' dir='ltr'>fideli</span> <span class='ocrx_word' id='word_1_425' title='bbox 1006 4970 1205 5034; x_wconf 88' lang='lat' dir='ltr'>vocationis</span> <span class='ocrx_word' id='word_1_426' title='bbox 1225 4970 1396 5051; x_wconf 89' lang='lat' dir='ltr'>custodia,</span> <span class='ocrx_word' id='word_1_427' title='bbox 1417 4990 1568 5054; x_wconf 87' lang='lat' dir='ltr'>magnus</span> <span class='ocrx_word' id='word_1_428' title='bbox 1589 4972 1640 5035; x_wconf 91' lang='lat' dir='ltr'>in-</span> 
     </span>
     <span class='ocr_line' id='line_1_81' title="bbox 811 5091 1640 5176; baseline 0 -20"><span class='ocrx_word' id='word_1_429' title='bbox 811 5093 929 5176; x_wconf 88' lang='lat' dir='ltr'>geni0,</span> <span class='ocrx_word' id='word_1_430' title='bbox 950 5093 1148 5156; x_wconf 89' lang='lat' dir='ltr'>litterarum</span> <span class='ocrx_word' id='word_1_431' title='bbox 1164 5093 1261 5155; x_wconf 90' lang='lat' dir='ltr'>cultu</span> <span class='ocrx_word' id='word_1_432' title='bbox 1277 5113 1319 5155; x_wconf 91' lang='lat' dir='ltr'>ac</span> <span class='ocrx_word' id='word_1_433' title='bbox 1336 5091 1485 5155; x_wconf 88' lang='lat' dir='ltr'>scientia</span> <span class='ocrx_word' id='word_1_434' title='bbox 1501 5102 1640 5156; x_wconf 91' lang='lat' dir='ltr'>sancto-</span> 
     </span>
     <span class='ocr_line' id='line_1_82' title="bbox 812 5213 1640 5297; baseline 0.001 -21"><span class='ocrx_word' id='word_1_435' title='bbox 812 5234 902 5287; x_wconf 90' lang='lat' dir='ltr'>rum;</span> <span class='ocrx_word' id='word_1_436' title='bbox 918 5234 984 5277; x_wconf 91' lang='lat' dir='ltr'>nec</span> <span class='ocrx_word' id='word_1_437' title='bbox 997 5213 1109 5277; x_wconf 93' lang='lat' dir='ltr'>minor</span> <span class='ocrx_word' id='word_1_438' title='bbox 1121 5214 1294 5278; x_wconf 87' lang='lat' dir='ltr'>charitate</span> <span class='ocrx_word' id='word_1_439' title='bbox 1307 5215 1342 5278; x_wconf 93' lang='lat' dir='ltr'>in</span> <span class='ocrx_word' id='word_1_440' title='bbox 1356 5213 1561 5295; x_wconf 83' lang='lat' dir='ltr'>confratres,</span> <span class='ocrx_word' id='word_1_441' title='bbox 1578 5235 1640 5297; x_wconf 91' lang='lat' dir='ltr'>pa-</span> 
     </span>
     <span class='ocr_line' id='line_1_83' title="bbox 812 5333 1641 5399; baseline 0.001 -1"><span class='ocrx_word' id='word_1_442' title='bbox 812 5344 913 5398; x_wconf 88' lang='lat' dir='ltr'>terno</span> <span class='ocrx_word' id='word_1_443' title='bbox 929 5333 1060 5399; x_wconf 87' lang='lat' dir='ltr'>affectu</span> <span class='ocrx_word' id='word_1_444' title='bbox 1083 5333 1119 5397; x_wconf 90' lang='lat' dir='ltr'>in</span> <span class='ocrx_word' id='word_1_445' title='bbox 1142 5335 1363 5399; x_wconf 90' lang='lat' dir='ltr'>iuventutem</span> <span class='ocrx_word' id='word_1_446' title='bbox 1383 5335 1579 5399; x_wconf 89' lang='lat' dir='ltr'>studiosam</span> <span class='ocrx_word' id='word_1_447' title='bbox 1599 5356 1641 5399; x_wconf 91' lang='lat' dir='ltr'>ac</span> 
     </span>
     <span class='ocr_line' id='line_1_84' title="bbox 814 5456 1643 5538; baseline 0 -17"><span class='ocrx_word' id='word_1_448' title='bbox 814 5460 889 5522; x_wconf 90' lang='lat' dir='ltr'>zelo</span> <span class='ocrx_word' id='word_1_449' title='bbox 904 5456 1109 5537; x_wconf 90' lang='lat' dir='ltr'>animarum,</span> <span class='ocrx_word' id='word_1_450' title='bbox 1130 5457 1233 5520; x_wconf 91' lang='lat' dir='ltr'>unice</span> <span class='ocrx_word' id='word_1_451' title='bbox 1255 5457 1431 5538; x_wconf 89' lang='lat' dir='ltr'>connisus,</span> <span class='ocrx_word' id='word_1_452' title='bbox 1455 5467 1494 5520; x_wconf 91' lang='lat' dir='ltr'>ut</span> <span class='ocrx_word' id='word_1_453' title='bbox 1514 5457 1549 5520; x_wconf 93' lang='lat' dir='ltr'>in</span> <span class='ocrx_word' id='word_1_454' title='bbox 1570 5477 1643 5521; x_wconf 92' lang='lat' dir='ltr'>om-</span> 
     </span>
    </p>
   </div>
   <div class='ocr_carea' id='block_1_11' title="bbox 0 0 2032 6260">
    <p class='ocr_par' dir='ltr' id='par_1_15' title="bbox 0 0 2032 6260">
     <span class='ocr_line' id='line_1_85' title="bbox 0 0 2032 6260; baseline 0 0"><span class='ocrx_word' id='word_1_455' title='bbox 0 0 2032 6260; x_wconf 95' lang='lat' dir='ltr'> </span> 
     </span>
    </p>
   </div>
  </div>
 </body>
</html>
