4088 6270
762 470 1040 532 —XLV-

64 721 107 763 suo
125 710 261 761 strenue
285 698 444 762 functum
467 708 544 761 erat
565 706 600 759 et
617 715 660 759 eo
676 715 818 778 quoque
834 706 1005 777 tempore,
1022 715 1101 757 cum
1119 695 1389 778 dissolvebatur,
1407 717 1476 759 non
1493 696 1607 759 minus
1624 709 1767 760 centum

64 839 186 920 quinque
209 839 403 900 monachos
426 838 600 899 habuerat
616 835 648 915 ¹).

161 975 235 1038 Iam
259 976 525 1038 Admontenses
556 973 681 1035 eadem
712 972 855 1034 fortuna
885 972 941 1034 usi
969 981 1079 1034 erant.
1125 971 1172 1033 Hi
1196 973 1262 1034 sub
1287 972 1445 1034 Antonio
1468 973 1600 1036 abbate
1627 976 1768 1055 (1718-

67 1116 131 1194 1751)
160 1114 193 1175 in
225 1113 330 1176 bellis
361 1114 406 1176 de
434 1111 536 1194 regni
563 1111 787 1174 successione
816 1131 891 1190 1741
920 1110 1071 1192 exortis,
1102 1119 1141 1172 ut
1172 1110 1433 1191 imperatricem
1464 1115 1571 1175 rebus
1601 1115 1767 1196 angustis

63 1252 253 1333 expedirent,
277 1252 370 1314 latos
393 1270 476 1313 suos
499 1249 628 1312 fundos
652 1249 890 1331 obpignerare
914 1268 984 1310 non
1008 1248 1269 1311 dubitaverant.
1320 1255 1399 1329 1783
1425 1269 1509 1312 vero
1537 1250 1681 1315 nuntius
1704 1255 1768 1315 ad·
1850 1249 1854 1256 ’

63 1392 129 1453 latus
146 1399 208 1469 est,
233 1398 273 1452 ut
296 1391 438 1451 domum
463 1409 561 1451 suam
585 1388 835 1470 relinquerent.
875 1387 1096 1469 Quamquam
1120 1390 1187 1450 hoc
1212 1390 1393 1451 decretum
1416 1391 1537 1471 paullo
1560 1400 1643 1472 post
1666 1393 1768 1454 abro-

62 1537 156 1609 gatum
172 1539 236 1600 est,
253 1537 373 1590 tamen
389 1528 561 1609 monachi,
580 1548 658 1591 curn
676 1547 797 1590 eorum
813 1547 979 1590 numerus
992 1529 1037 1589 ad
1051 1525 1297 1608 duodeviginti
1313 1536 1547 1608 coerceretur,
1563 1529 1768 1593 muneribus

61 1666 113 1727 suis
132 1666 304 1729 obeundis
327 1686 433 1748 pares
456 1687 527 1728 non
550 1665 693 1729 fuerunt
708 1664 744 1749 ²).
776 1665 902 1745 Neque
918 1684 1004 1727 vero
1021 1676 1059 1727 ut
1075 1664 1341 1727 Admontenses
1357 1665 1529 1728 moniales
1545 1664 1768 1731 Goessenses

60 1805 108 1867 hoc
128 1805 319 1887 periculum
343 1803 564 1886 effugerunt;
593 1809 672 1883 1782
691 1804 778 1865 haec
796 1802 1041 1884 antiquissima
1058 1803 1191 1865 ordinis
1207 1803 1242 1865 in
1259 1801 1369 1866 Stiria
1385 1805 1490 1866 sedes
1504 1803 1611 1868 finem
1628 1807 1768 1888 cepit3).

163 1944 270 2006 Peius
301 1963 387 2005 vero
418 1943 548 2005 accidit
578 1941 802 2005 monasteriis
832 1940 1046 2005 Corinthiae.
1091 1941 1146 2004 Ibi
1177 1941 1293 2004 omnia
1324 1943 1444 2005 clausa
1472 1953 1564 2008 sunt.
1611 1944 1767 2008 Primum

61 2084 126 2144 haec
155 2083 269 2145 tristia
299 2081 375 2145 fata
403 2080 606 2143 monialium
634 2079 843 2142 coenobium
875 2101 902 2144 s.
927 2078 1073 2162 Georgii
1105 2081 1151 2141 ad
1181 2079 1345 2164 Liingsee
1383 2086 1461 2161 1783
1494 2081 1798 2165 interceperunt.-

63 2221 164 2283 deinde
186 2224 313 2284 eodem
336 2240 430 2284 anno
455 2220 678 2301 Ossiacense,
698 2216 1025 2299 Arnoldsteinense,
1043 2217 1299 2301 Sanpaulense,
1325 2222 1420 2301 quod
1436 2242 1501 2302 per
1517 2222 1768 2306 septingentos

64 2379 151 2422 annos
168 2363 261 2423 bona
285 2361 378 2422 mala
402 2379 472 2421 una
496 2379 576 2422 curn
598 2358 801 2423 Carinthiae
826 2357 949 2420 incolis
973 2358 1199 2421 toleraverat.
1238 2358 1339 2421 Haec
1362 2359 1516 2442 denique
1535 2360 1769 2443 Wietingium

66 2499 283 2580 praepositura
311 2499 623 2562 Benedictinorum
644 2496 967 2580 Salisburgensium
989 2507 1112 2560 secuta
1136 2506 1192 2560 est
1205 2500 1260 2577 ⁴)..
1285 2497 1325 2559 In
1349 2497 1459 2560 Tiroli
1486 2498 1769 2580 antiquissimum

67 2638 236 2701 monialium
258 2637 468 2701 coenobium
488 2635 825 2719 Sonnenburgums)‚
844 2635 880 2698 in
900 2635 1082 2718 provincia
1100 2635 1323 2716 Aquileiensi
1339 2636 1582 2699 Monasterum
1598 2637 1770 2701 abolitum

68 2783 114 2836 est.
140 2777 284 2859 Beligna
308 2775 453 2838 abbatia
476 2775 545 2837 iam
575 2779 654 2853 1752
680 2773 894 2837 auctoritate
918 2773 1045 2837 summi
1068 2773 1247 2856 pontificis
1271 2775 1393 2838 clausa
1415 2784 1492 2838 erat
1506 2773 1541 2857 ⁶).

168 2914 348 2977 Abbatiae
372 2914 418 2976 ad
442 2932 468 2976 s.
492 2912 649 2993 Petrum,
674 2912 977 2996 Nonnbergensis,
1002 2912 1295 2975 Michaelburana
1317 2914 1408 2976 hanc
1424 2924 1557 2976 sortem
1579 2925 1772 2996 propterea

70 3048 246 3134 effugerant,
270 3054 366 3134 quod
390 3071 432 3114 eo
456 3062 618 3132 tempore
641 3051 797 3113 nondum
821 3051 969 3133 imperio
994 3051 1185 3114 Austriaco
1210 3061 1312 3115 erant
1335 3051 1508 3115 adiectae.

168 3191 243 3254 Non
267 3191 382 3252 minus
405 3192 535 3252 acerba
559 3209 636 3252 sors
659 3198 736 3252 erat
764 3189 897 3252 ordinis
919 3190 956 3252 in
978 3189 1161 3254 Bohemia.
1207 3190 1377 3274 Magnam
1409 3191 1458 3254 ibi
1488 3201 1636 3272 propter
1669 3191 1774 3272 bella,

73 3345 139 3406 quae
157 3330 266 3393 Maria
289 3330 461 3392 Theresia
485 3349 565 3392 cum
588 3328 771 3392 Friderico
794 3329 855 3411 IL,
880 3348 966 3412 rege
990 3328 1196 3411 Borussiae,
1229 3329 1352 3412 gessit,
1383 3329 1556 3393 iacturam
1588 3330 1724 3397 fecerat
1740 3333 1773 3413 ⁷).

73 3460 125 3525 Vix
143 3488 218 3531 vero
241 3489 287 3532 ex
311 3470 366 3531 his
389 3467 491 3530 malis
514 3466 690 3549 respirare
714 3476 894 3548 coeperat,
918 3487 997 3528 cum
1026 3470 1104 3545 1785
1129 3468 1345 3531 monasteria
1369 3488 1396 3530 s
1412 3468 1578 3551 Procopii
1602 3472 1648 3532 ad
1665 3468 1771 3533 Saza·

76 3621 149 3686 van,
167 3629 191 3669 s.
213 3610 355 3672 Ioannis
386 3611 453 3672 sub
481 3626 570 3689 rupe
600 3606 843 3689 (Ostrovium),
875 3605 1078 3687 Cladrubia,
1108 3605 1290 3686 Polizium,
1320 3607 1543 3688 Bezdezium,
1575 3628 1602 3671 s.
1626 3608 1774 3691 Nicolai,

77 3744 238 3810 monialium
262 3747 473 3811 coenobium
496 3767 523 3808 s.
549 3744 697 3827 Georgii
721 3745 855 3807 abolita
878 3754 970 3808 sunt.
1016 3744 1240 3807 Braunaviae
1267 3745 1517 3826 praepositura
1540 3746 1776 3812 Wahlstadtii

78 3877 103 3939 in
120 3879 225 3949 Silesia
253 3891 333 3966 1738
358 3892 478 3947 erecta
501 3903 592 3965 pace
616 3883 709 3946 inter
731 3883 914 3946 Austriam
938 3893 975 3947 et
990 3883 1195 3946 Borussiam
1219 3883 1316 3946 facta
1332 3883 1498 3946 Borussis
1522 3904 1692 3947 concessa
1709 3895 1774 3948 est.

82 4014 171 4100 ltaque
191 4024 224 4086 in
247 4023 420 4088 Bohemia
443 4021 649 4085 Braunavia
679 4043 756 4085 cum
782 4022 985 4108 Bievnovio
1016 4030 1053 4084 et
1082 4022 1306 4086 Emautinum
1338 4034 1446 4106 atque
1475 4024 1711 4107 Raigradium
1741 4023 1777 4086 in

84 4151 203 4223 lloravia
224 4161 478 4243 superfuerunt
492 4160 526 4241 ⁸)-

87 4305 348 4327 *—

178 4412 195 4493 ¹)
215 4416 324 4474 Album
350 4414 575 4473 Lambertinum
600 4429 631 4472 et
655 4415 748 4480 Wolf,
773 4413 961 4490 Aulhebung
984 4416 1039 4472 der
1063 4416 1188 4473 Kldster
1211 4419 1240 4473 in
1264 4418 1575 4475 Inner·Oesterreich.

178 4525 196 4604 ²)
216 4531 324 4598 Fuchs‚
349 4528 533 4586 Geschichte
556 4547 616 4584 von
640 4527 773 4584 Admont
797 4528 814 4584 l.
840 4549 866 4586 c.

178 4637 197 4716 ³)
218 4642 303 4699 Wolf
324 4643 342 4698 l.
368 4661 394 4698 c.

178 4751 197 4830 ⁴)
217 4755 304 4811 wolf
325 4755 343 4811 l.
368 4775 394 4811 c.
419 4768 449 4811 et
471 4755 554 4810 Beda
576 4753 707 4821 Schroll‚
733 4753 796 4810 Das
821 4753 1095 4810 Benedictinerstist
1117 4754 1162 4810 St.
1188 4754 1270 4810 Paul.

179 4861 197 4943 ⁵)
218 4866 419 4923 Wendenthal
443 4869 472 4923 in
496 4865 637 4922 Austriae
662 4884 769 4921 sacrae
792 4865 844 4921 IX.

180 4970 197 5055 ⁶)
218 4977 341 5036 Staffler
364 4979 383 5035 l.
407 5000 433 5035 c.
458 4992 488 5035 et
512 4979 620 5053 Egger
643 4979 661 5034 1.
687 4997 712 5034 c.
738 4978 790 5033 ΙΙΙ.

180 5087 196 5167 7)
218 5092 413 5158 Braunaviae,
438 5105 648 5167 praeterquam
673 5089 754 5164 quod
778 5091 843 5164 agri
872 5092 937 5146 eius
965 5087 1214 5157 devastabantur,
1247 5088 1390 5147 tributum
1421 5104 1633 5147 sexcentorum
1666 5092 1777 5148 milium

90 5183 224 5259 iortuorum
247 5203 285 5260 ab
310 5202 448 5260 hostibus
473 5204 644 5279 impositum
669 5216 725 5269 est,
750 5216 780 5259 et
803 5205 859 5259 nisi
883 5204 1034 5259 Bennonis
1057 5200 1177 5258 abbatis
1200 5221 1272 5258 cura
1300 5215 1330 5258 et
1358 5204 1512 5277 vigilantia
1541 5203 1666 5270 luisset,
1700 5203 1778 5259 haud

90 5295 151 5361 dubie
165 5286 332 5373 interiisset.
357 5317 498 5373 Chronic.
523 5318 673 5373 Bievnov.

180 5419 403 5503 ⁸)Salzburger
426 5427 645 5497 Kirchenblatt,
676 5428 766 5503 1879,
791 5430 842 5485 Nr.
868 5444 884 5485 2
912 5442 942 5484 et
964 5443 993 5501 3.
