4034 6262
667 472 922 543 „29-

124 655 323 732 ilosophicum
350 676 385 713 ex
412 659 570 715 Kantianis
597 662 753 736 principiis

140 899 249 959 porro
266 879 388 942 edidit:

126 1003 244 1061 hrbuch
260 1005 314 1061 der
329 1006 528 1080 empirischen
541 1008 752 1082 Psychologie.

128 1152 137 1175 ‚
161 1112 212 1184 qui
236 1122 283 1165 est
305 1110 341 1166 de
364 1110 564 1186 psychologia
587 1110 753 1191 empirica.)

124 1213 253 1269 Viennae.
279 1212 368 1271 1880.
389 1213 471 1290 Typ.
489 1228 519 1270 et
534 1228 642 1292 sumpt.
661 1215 752 1272 Bloch

124 1437 201 1499 lura
224 1456 329 1518 porro
348 1436 482 1518 scripta
502 1440 546 1500 de
570 1438 754 1500 instituen-

124 1557 248 1619 masiis
273 1559 433 1620 doctrina
461 1559 548 1620 actis
572 1557 755 1620 mandavit

124 1831 238 1926 inger
271 1843 448 1905 Ioannes
479 1843 546 1905 Ev.
584 1842 753 1924 (Muren-

124 1983 127 2018 1
144 1959 180 2022 111
192 1959 319 2022 Baden
331 1961 514 2044 Argoviae
531 1964 611 2041 1750
625 1969 662 2022 et
673 1978 753 2041 pro·

127 2105 158 2164 4,
187 2092 347 2162 tempore
372 2080 530 2145 Gallicae
558 2080 753 2145 obsidionis

124 2225 142 2266 s
165 2204 301 2267 itineris
324 2204 496 2286 principis
518 2205 661 2267 abbatis
684 2201 753 2266 Ge-

124 2345 150 2387 11
161 2326 345 2388 Austriam
358 2336 394 2388 et
406 2326 613 2408 Moraviam,
627 2337 754 2407 postea

124 2466 140 2509 s
166 2447 474 2531 Klingenbergae,
505 2448 567 2510 ubi
596 2459 753 2512 mortuus

138 2569 213 2632 Ian.
235 2574 326 2630 1810.
351 2567 516 2651 Scripsit:

124 2694 277 2768 hreibung
293 2694 347 2751 der
363 2694 454 2751 Reise
470 2695 545 2750 nach
559 2695 754 2751 Oesterrcich

125 2818 159 2856 es
174 2798 389 2874 Tagebuches
407 2795 534 2876 (Desunt
551 2798 631 2867 lolia,
649 2818 754 2876 super·

127 2947 133 2960 .
155 2902 362 2960 Muto-Gries.
383 2917 447 2976 374
468 2922 497 2978 p.
519 2901 631 2959 Abbati
652 2922 669 2958 a
690 2904 754 2959 Mu·

124 3009 210 3064 iterio
234 3007 438 3083 proficiscenti
460 3007 535 3064 haec
555 3006 649 3065 verba
670 3010 698 3063 in
719 3026 754 3063 os

124 3124 158 3168 :te
172 3110 348 3168 Confratres
365 3111 466 3167 eXVL
483 3130 501 3167 a
518 3112 623 3168 MVrls
640 3111 754 3179 0111110,

124 3230 208 3273 ,tans
224 3213 367 3294 reDIbo.)

124 3319 374 3397 rrespondenzen.
399 3321 486 3376 Fasc.
509 3323 537 3375 in
553 3321 754 3377 0101111110-

124 3427 145 3483 1.
162 3427 215 3482 lx,

124 3572 166 3668 gi
210 3584 268 3664 (Ξ
315 3581 616 3663 Bozadschian)
666 3584 753 3645 illu.

124 3719 160 3763 ts
185 3701 376 3763 dominus
394 3701 572 3763 Iacobus
590 3701 752 3783 (Mech.)

124 3845 148 3886 n
164 3823 254 3886 Asia
270 3824 394 3886 minori
416 3824 472 3886 die
489 3829 540 3887 30.
557 3824 645 3886 Nov.
672 3828 752 3886 1808

124 3965 226 4008 ennae
253 3945 287 4008 in
314 3946 462 4008 Austris
488 3946 612 4009 habitu
639 3967 666 4009 s.
695 3945 751 4007 die

124 4072 183 4146 827
209 4068 362 4149 indutuS,
387 4068 444 4131 die
473 4071 520 4130 15.
543 4067 642 4149 Sept.
671 4072 751 4130 1828

125 4199 150 4272 t,
168 4202 204 4253 et
220 4189 277 4253 die
295 4211 345 4252 22.
362 4190 448 4254 Dec.
471 4196 550 4269 1829
568 4211 751 4253 consecra-

124 4314 294 4394 resbyter.
333 4312 519 4375 Absolutis
549 4313 751 4395 theologiae

124 4437 297 4497 mandata
318 4447 399 4497 sunt
423 4434 455 4496 ei
479 4434 513 4495 in
536 4435 750 4498 monasterio

124 4556 247 4620 aelecti
256 4558 468 4620 novitiorum
479 4559 555 4639 (per
569 4579 602 4619 12
616 4560 750 4642 annos),

124 4679 160 4741 is
179 4679 452 4762 typographiae.
477 4680 536 4741 Ab
557 4700 649 4742 anno
670 4685 750 4759 1846

124 4823 137 4864 r
157 4821 301 4864 munere
323 4802 514 4882 superioris
535 4803 750 4884 (successivo

147 4924 255 4986 variis
285 4924 459 5005 hospitiis,
494 4945 556 4987 seu
588 4925 751 4988 domibus

129 5046 430 5129 congregationis
464 5047 629 5129 Tergesti
660 5048 751 5109 scili-

124 5190 160 5251 0,
181 5169 498 5250 Constantinopoli.
519 5168 659 5233 Romae
681 5189 752 5232 non

124 5291 251 5355 erioris
274 5291 429 5371 hospitii,
454 5292 646 5354 sedetiam
670 5313 750 5374 pro·

124 5432 242 5478 nunus
269 5415 365 5495 apud
393 5433 419 5476 s.
447 5417 568 5477 sedem
595 5414 744 5497 peregit.

833 658 939 722 Anno
968 664 1046 724 1855
1076 663 1134 727 (110
1166 669 1212 728 16.
1238 666 1331 750 Aug.
1349 663 1394 730 Ι111
1422 670 1579 751 capitulo
1603 690 1664 754 ge·

834 781 944 843 nerali
970 782 1315 850 Mechitharistarum
1339 790 1501 854 Viennae
1529 794 1664 855 electus

833 911 888 964 est
922 906 1036 967 abbas
1065 882 1243 988 generalis
1274 913 1563 994 congregationis
1589 914 1665 976 Me-

833 1021 1403 1094 chitharisticaeVindobonensis.
1421 1032 1556 1097 Eodem
1573 1054 1665 1097 anno

833 1162 898 1223 per
914 1145 1031 1210 Breve
1048 1149 1141 1229 (dd0.
1159 1150 1215 1213 die
1237 1172 1283 1214 11.
1304 1150 1403 1235 Sept.
1425 1158 1517 1235 1855)
1539 1156 1665 1218 summi

833 1265 1012 1345 pontificis
1031 1268 1087 1332 Pii
1103 1271 1169 1334 IX.
1191 1273 1391 1336 nominatus
1415 1285 1470 1339 est
1493 1278 1666 1359 archiepi-

834 1407 966 1469 scopus
982 1389 1223 1456 Caesariensis
1240 1395 1274 1457 in
1291 1396 1497 1461 Palaestina
1520 1398 1555 1461 in
1575 1407 1665 1480 part.

835 1510 895 1574 inf.
919 1511 1053 1576 Eodem
1070 1514 1149 1595 ipso
1166 1536 1258 1579 anno
1276 1518 1332 1581 die
1354 1542 1383 1597 4.
1400 1520 1490 1583 Nov.
1508 1521 1667 1601 suscepit

834 1634 1051 1699 sollemniter
1081 1637 1115 1699 in
1143 1641 1294 1703 ecclesia
1320 1641 1667 1705 Mechitharistarum

833 1754 996 1820 Viennae
1009 1761 1313 1824 consecrationem
1327 1763 1667 1845 archiepiscopalem

834 1878 880 1938 ab
893 1878 1170 1943 eminentissimo
1181 1882 1323 1945 domino
1335 1884 1506 1947 cardinali
1514 1885 1667 1966 Iosepho

834 1996 1005 2062 Othmaro
1013 2000 1213 2085 Rauscher,
1226 2004 1496 2086 archiepiscopo
1505 2006 1666 2087 principe

833 2120 1113 2186 Vindobonensi.
1134 2124 1194 2186 Ab
1211 2125 1310 2189 initio
1327 2127 1511 2190 electionis
1528 2146 1614 2189 suae
1631 2127 1666 2188 in

834 2244 1002 2306 abbatem
1028 2248 1233 2328 generalem
1261 2247 1549 2330 congregationis
1579 2267 1666 2311 suae

833 2363 938 2427 enixe
951 2385 1095 2448 operam
1109 2371 1266 2431 navabat
1278 2388 1392 2431 novus
1404 2368 1460 2430 hic
1473 2370 1665 2449 praelatus,

833 2485 988 2566 hospitia
1000 2507 1064 2551 seu
1076 2493 1201 2553 domus
1213 2490 1390 2554 missionis
1403 2490 1437 2551 in
1447 2490 1555 2551 variis
1567 2490 1665 2571 locis,

832 2606 983 2689 Romae,
997 2608 1314 2694 Constantinopoli,
1327 2610 1511 2695 Smyrnae,
1526 2609 1664 2673 Giuzel·

832 2728 960 2792 hissari
981 2732 1075 2814 (olim
1092 2732 1280 2816 Magnesia
1300 2735 1346 2796 ad
1362 2733 1606 2814 Maeandrum)
1629 2742 1665 2795 et

833 2850 1009 2934 Tergesti,
1031 2853 1099 2915 iam
1116 2874 1137 2916 a
1160 2874 1225 2918 suo
1244 2865 1471 2918 antecessore
1486 2854 1664 2936 fundatas,

834 2975 996 3055 personis
1017 2975 1154 3039 idoneis
1175 2986 1247 3039 tam
1270 2976 1468 3041 senioribus
1489 2996 1595 3057 quarn
1613 2976 1665 3039 iu-

834 3095 985 3158 venibus
1012 3097 1185 3161 instruere
1211 3108 1247 3160 et
1274 3098 1511 3179 frequentare.
1537 3134 1579 3143 -
1602 3097 1664 3160 Ad

720 3272 723 3277 .
833 3218 922 3280 haec
950 3220 1108 3281 addebat
1131 3219 1302 3301 paulatim
1329 3220 1502 3282 stationes
1527 3218 1665 3281 missio·

834 3361 916 3402 num
933 3343 1182 3423 neoplantatas
1199 3341 1231 3403 in
1244 3341 1362 3404 Banat
1378 3351 1414 3404 et
1426 3341 1616 3405 Bucuresti
1629 3341 1664 3404 in

834 3461 1022 3525 Rumenia.
1041 3464 1081 3526 In
1093 3463 1253 3527 Persiam
1266 3483 1407 3546 quoque
1419 3463 1514 3526 misit
1526 3462 1664 3525 missio-

834 3584 951 3647 narios
969 3586 1214 3667 (ambulantes,
1239 3585 1259 3647 i.
1281 3606 1310 3648 e.
1332 3585 1408 3647 sine
1430 3584 1549 3647 stabili
1566 3603 1664 3645 man-

833 3705 954 3785 sione).
977 3706 1084 3769 Anno
1103 3711 1184 3786 1870
1200 3706 1377 3769 desiderio
1390 3705 1551 3787 episcopi
1563 3705 1664 3767 Erze·

832 3828 1006 3894 rumensis
1027 3829 1081 3891 rit.
1098 3829 1196 3891 Arm.
1214 3830 1305 3891 cath.
1322 3847 1493 3908 annuens,
1514 3825 1609 3888 misit
1628 3826 1663 3888 in

834 3949 910 4011 eius
930 3949 1121 4013 dioecesim
1141 3950 1400 4013 missionarium
1417 3947 1662 4029 apostolicum,

832 4070 893 4150 qui
908 4080 990 4151 post
1007 4072 1141 4153 aliquot
1158 4092 1269 4134 annos
1286 4073 1411 4134 eodem
1427 4088 1571 4131 munere
1583 4066 1663 4129 fun-

830 4210 921 4274 gens
938 4191 971 4253 in
989 4193 1171 4257 civitatem
1183 4194 1429 4274 Trapezuntae
1445 4188 1662 4252 transmitte-

830 4316 944 4377 batur.
964 4353 1003 4362 —
1021 4315 1126 4378 Anno
1147 4320 1314 4392 1803—04
1331 4332 1424 4393 51105,
1450 4312 1509 4393 qui
1526 4311 1560 4374 in
1576 4311 1661 4374 Ter·

829 4435 971 4516 gestino
994 4436 1150 4516 hospitio
1174 4439 1364 4518 degebant,
1387 4433 1527 4496 visendi
1552 4453 1661 4496 causa

830 4577 1002 4640 pergens,
1039 4578 1229 4640 eorumque
1260 4558 1426 4639 precibus
1460 4556 1659 4638 indulgens,

830 4678 932 4741 iussit
956 4679 1132 4761 benignus
1158 4683 1311 4761 praesul,
1338 4689 1377 4742 ut
1403 4690 1507 4742 vetus
1535 4680 1660 4740 domus

830 4800 1015 4882 missionis,
1044 4821 1135 4881 quae
1162 4812 1245 4864 ante
1272 4801 1407 4883 aliquot
1431 4818 1552 4882 annos,
1580 4799 1659 4881 ipso

829 4922 1021 5004 superiore,
1033 4922 1182 4986 fundata
1193 4923 1319 5005 fuerat,
1332 4921 1608 5005 amplificaretur
1623 4932 1659 4985 et

829 5064 913 5126 pars
930 5044 1006 5106 eius
1022 5046 1068 5106 ad
1085 5046 1275 5128 collegium
1291 5043 1368 5107 sive
1384 5044 1609 5128 gymnasium
1623 5045 1658 5107 in

830 5185 931 5228 usum
954 5165 1135 5228 studiosae
1159 5165 1352 5230 iuventutis
1374 5169 1442 5230 sub
1464 5164 1658 5228 directione

828 5286 1175 5352 Mechitharistarum
1183 5288 1438 5352 Viennensium
1451 5292 1659 5353 accomoda-

828 5420 932 5474 retur.
965 5409 1071 5471 Anno
1098 5402 1343 5489 post'curavit
1366 5410 1403 5474 in
1423 5411 1548 5474 eadem
1571 5413 1659 5474 urbe
