4034 6262
875 453 1155 521 —266—

144 655 390 720 ministratoris
415 664 451 718 et
474 653 618 736 parochi
641 652 676 715 in
701 650 976 738 Bettmaringen
1014 653 1018 757 l
1055 676 1238 736 programm.
1255 661 1340 728 Lim,
1357 660 1464 717 Druck
1475 679 1538 718 von
1551 660 1750 738 Feicbtingers
1761 664 1883 731 Erben.

143 779 276 861 ubique
297 797 340 841 eo
362 797 441 840 cum
461 776 602 840 fervore
622 774 794 858 implevit,
820 786 859 839 ut
879 777 977 840 vale·
1057 763 1099 822 8⁰·
1117 780 1153 839 41
1174 784 1204 841 P·
1221 764 1336 841 Verlag
1352 765 1407 823 der
1423 766 1592 824 Direction.

1143 894 1270 991 Kyrle
1286 905 1426 971 Bruno
1443 905 1797 993 (Cremifanensis),
1815 934 1877 979 an-

144 1026 276 1089 tandae
290 1023 406 1108 gratia
420 1022 455 1085 in
468 1023 718 1105 praepositura
727 1020 977 1106 Clingnovien·
1057 1032 1116 1086 tea
1128 1023 1387 1106 Ferdinandus,
1404 1025 1439 1088 in
1456 1026 1604 1091 civitate
1618 1024 1821 1113 Schaerding
1833 1033 1872 1095 in

144 903 257 967 tudini
281 921 405 985 parum
426 909 601 982 parceret.
625 899 717 963 Hinc
739 898 870 980 quietis
892 919 976 982 cap·

146 1147 186 1229 si,
210 1146 272 1210 ubi
288 1147 334 1208 ab
350 1145 507 1227 antiquis
522 1145 743 1227 temporibus
764 1145 917 1227 emeriti,
942 1154 979 1209 et
1056 1143 1186 1209 finibus
1202 1146 1396 1230 superioris
1413 1147 1585 1212 Austriae
1601 1149 1672 1213 sita
1686 1149 1741 1213 die
1756 1170 1779 1230 7.
1793 1151 1867 1217 Oct.

143 1271 279 1333 viribus
290 1270 412 1332 labore
423 1269 606 1331 exhaustis
615 1268 780 1332 infirmati
789 1269 977 1332 Blasiades
1061 1271 1141 1331 1825
1158 1278 1264 1332 natus
1276 1269 1484 1334 humaniora
1499 1281 1536 1334 et
1554 1271 1788 1354 philosophica
1799 1286 1868 1338 stu·

143 1411 257 1456 annos
272 1391 369 1454 vitae
387 1409 472 1453 suae
488 1389 691 1470 finiverunt,
707 1390 829 1454 vivere
850 1391 977 1472 iussus,

144 1512 423 1577 inter‘continua
438 1511 583 1594 pietatis
604 1530 713 1592 opera
729 1511 783 1573 vir
803 1512 896 1574 bene
917 1511 978 1573 de·

143 1645 249 1698 votus
270 1644 307 1697 et
326 1634 474 1696 multum
495 1652 601 1695 orans
626 1631 823 1714 exspiravit
847 1631 904 1695 die
930 1637 977 1695 13.

144 1757 235 1821 Νον.
257 1776 349 1836 1797.

232 1896 401 1980 Sequitur
417 1897 493 1959 eius
508 1895 802 1977 manuscriptum:

232 2042 366 2099 Diarium
380 2043 553 2098 monasterii
564 2061 588 2097 s.
599 2040 689 2097 Blasii
704 2038 882 2114 1777—80.
896 2039 978 2098 Con·

145 2151 220 2205 tinet
235 2144 276 2226 (in
293 2144 379 2224 lolio)
401 2159 460 2201 110
477 2143 548 2202 lolia
565 2158 595 2202 et
610 2145 789 2201 adservatur
806 2147 834 2201 in
851 2144 976 2201 archivo

143 2252 356 2312 San-Paulano
373 2252 429 2307 Νο.
451 2247 519 2323 165.

232 2417 343 2489 Kurz
377 2428 568 2491 Isidorus
600 2423 977 2508 (Cremifanensis),

143 2558 252 2609 antea
267 2546 532 2626 Ferdinandus,
554 2544 723 2607 Moravus
744 2542 977 2625 Mueglitzen-

144 2667 205 2749 sis,
230 2668 286 2730 die
316 2689 362 2730 12.
384 2667 459 2730 Iun.
485 2669 565 2728 1835
591 2675 705 2746 natus,
730 2665 765 2726 in
788 2662 977 2747 gymnasio

145 2788 387 2855 Olomuciensi
404 2786 564 2851 eruditus
586 2796 621 2850 et
638 2786 695 2849 die
712 2792 741 2850 3.
759 2785 861 2868 Sept.
885 2788 976 2866 1857,

145 2911 311 2974 absoluto
331 2910 400 2973 iam
423 2907 597 2973 Olomucii
619 2909 732 2990 primo
754 2905 977 2990 quadriennii

145 3032 338 3115 theologici
351 3052 443 3095 anno
456 3051 482 3094 s.
494 3042 594 3094 veste
607 3030 761 3112 indutuS,
774 3028 978 3111 theologica

145 3155 265 3219 studia
283 3154 318 3217 in
335 3153 497 3218 instituto
514 3153 709 3217 domestico
721 3154 768 3215 ad
781 3173 807 3214 s.
821 3150 977 3215 Floriani

147 3276 378 3359 continuavit,
394 3277 441 3339 ad
458 3276 640 3339 sollemnia
656 3284 741 3338 vota
757 3274 815 3337 die
833 3279 862 3338 5.
876 3271 976 3356 Sept.

146 3399 323 3462 admissus
345 3409 381 3461 et
404 3398 564 3461 eiusdem
587 3398 670 3461 anni
693 3396 897 3479 mensisque
920 3395 977 3458 die

147 3542 198 3586 20.
211 3531 470 3584 sacramentum
487 3519 620 3583 ordinis
636 3519 782 3601 recepit.
809 3522 973 3581 1861-62

144 3655 356 3727 cooperator
367 3641 616 3706 inVorchdorf
619 3664 626 3715 ;
647 3645 814 3719 1862—64
833 3640 868 3703 in
881 3639 976 3703 univ.

141 3766 298 3831 Vindob.
318 3765 492 3829 lectiones
508 3763 778 3827 mathematicas
799 3773 836 3826 et
857 3761 978 3846 physi-

145 3909 207 3953 cas
230 3909 337 3971 quum
358 3888 539 3969 audiisset,
560 3889 607 3950 ab
629 3906 721 3950 anno
741 3891 820 3949 1865
844 3887 979 3949 mathe-

145 4012 313 4075 maticam
330 4011 506 4074 interdum
524 4010 628 4071 simul
643 4008 828 4092 physicam
847 4007 977 4087 docuit,

146 4136 193 4197 ab
209 4154 302 4197 anno
322 4139 398 4213 1871
415 4133 519 4196 simul
531 4131 735 4214 praefectus
749 4131 784 4193 in
797 4129 977 4202 convictu;

146 4256 312 4318 absoluto
336 4275 429 4318 anno
450 4253 663 4318 scholastico
689 4257 770 4332 1878
792 4252 838 4314 ad
860 4270 980 4314 curam

146 4376 341 4440 animarum
361 4396 525 4440 reversus
547 4374 752 4458 parochiam
773 4376 820 4436 ad
840 4393 867 4436 s
889 4371 980 4436 Con-

131 4498 223 4561 'radi
251 4498 409 4580 suscepit
436 4497 770 4577 administrandam,
799 4516 821 4558 a
849 4494 979 4558 scholis

148 4619 338 4683 discedens
354 4619 526 4702 singulari
539 4640 568 4682 c.
581 4640 606 4681 r.
625 4618 760 4682 consilii
776 4615 980 4681 scholastici

147 4742 377 4822 provincialis
413 4743 518 4804 laude
553 4761 619 4822 per
648 4741 786 4804 litteras
823 4749 979 4820 omatuS,

149 4883 241 4926 nunc
258 4874 403 4946 praeest
419 4864 611 4946 parochiae
627 4863 719 4926 Hall.

234 4985 348 5069 Typis
364 4985 540 5068 vulgavit:

234 5109 482 5166 Mathematischc
509 5109 688 5185 Aulgaben‚
720 5108 889 5167 bearbeitet
919 5128 979 5165 von

148 5214 206 5270 den
218 5212 365 5270 Schiilern
382 5214 435 5271 der
448 5213 476 5271 8.
487 5215 594 5271 Classe
607 5217 644 5270 im
659 5214 836 5289 Schuljahre
852 5213 930 5287 1877
935 5212 977 5292 78.

148 5314 178 5394 (i.
192 5335 218 5373 e.
233 5316 383 5373 Themata
399 5318 608 5375 mathematica
624 5338 642 5374 a
658 5318 813 5393 discipulis
831 5316 859 5375 8.
875 5318 979 5375 classis

148 5437 227 5475 anno
244 5421 429 5478 scholastico
450 5420 565 5496 1877l8
588 5418 766 5498 elaborata.)
788 5422 980 5496 Gymnasial·

1058 1389 1117 1452 dia
1133 1389 1169 1452 in
1184 1390 1373 1474 gymnasio
1389 1401 1426 1454 et
1437 1392 1541 1475 lyceo
1555 1389 1795 1458 Cremifanensi
1805 1398 1867 1458 ab·

1057 1511 1179 1584 solvit;
1201 1512 1258 1575 die
1280 1533 1327 1577 11.
1344 1511 1445 1595 Sept.
1466 1517 1549 1593 1844
1565 1535 1593 1578 s.
1610 1526 1712 1579 veste
1731 1516 1868 1594 indutus,

1057 1633 1269 1717 theologicis
1283 1634 1480 1717 disciplinis
1492 1634 1605 1699 Lincii
1619 1656 1757 1719 operam
1767 1639 1871 1707 dedit;

946 1764 949 1771 ’
1058 1755 1116 1819 die
1137 1773 1190 1832 31.
1206 1756 1293 1819 Maii
1319 1760 1399 1836 1849
1423 1767 1509 1820 vota
1532 1758 1747 1822 sollemniter
1766 1757 1875 1822 emisit

1058 1887 1095 1941 et
1118 1883 1168 1942 28.
1186 1879 1249 1942 Iul.
1271 1880 1430 1942 eiusdem
1451 1880 1535 1943 anni
1556 1881 1748 1944 venerabili
1765 1901 1875 1944 sacer-

1058 2001 1180 2064 dotum
1205 2003 1312 2065 choro
1333 2002 1537 2086 adscriptus
1561 2013 1628 2068 est.
1662 2008 1806 2084 1849-62
1824 2003 1879 2064 in

1057 2121 1362 2206 Steinerkirchen,
1387 2129 1558 2204 1862—70
1580 2126 1618 2189 in
1638 2126 1792 2209 parochia
1807 2128 1880 2189 do-

1057 2246 1206 2309 mestica
1223 2256 1433 2328 cooperator
1449 2256 1486 2310 et
1502 2248 1691 2312 catecheta
1709 2249 1742 2311 in
1756 2248 1883 2311 Kirch·

1057 2370 1157 2452 berg,
1183 2388 1276 2431 anno
1298 2373 1379 2448 1870
1398 2368 1604 2451 parochiam
1620 2370 1792 2434 Neuhofen
1807 2368 1882 2432 ad·

1057 2489 1325 2554 ministrandam
1342 2491 1510 2573 suscepit.

1144 2630 1258 2714 Typis
1273 2631 1422 2714 vulgata
1438 2640 1495 2694 est
1511 2631 1588 2697 eius
1605 2632 1717 2696 oratio
1732 2618 1834 2695 sacra':

1143 2775 1312 2832 Andenken
1324 2794 1376 2831 zur
1390 2774 1536 2832 srommeu
1550 2775 1739 2852 Erinnerung
1750 2791 1797 2834 etc
1809 2768 1883 2831 Ab·

1056 2879 1274 2937 schiedsworte
1296 2897 1335 2935 an
1356 2878 1404 2936 die
1420 2892 1478 2936 etc.
1496 2879 1738 2956 Plarrgemeinde
1753 2878 1883 2937 Steiner·

1057 2983 1181 3040 kirchen
1196 2983 1355 3058 gerichtet.
1380 2980 1410 3061 (i.
1424 3002 1452 3040 e.
1469 2985 1578 3041 Oratio
1595 2984 1634 3041 ad
1650 2985 1783 3062 populun
1795 2978 1882 3039 vale·

1057 3087 1174 3145 dicendi
1200 3107 1292 3145 causa
1316 3085 1432 3153 habita,
1458 3107 1524 3146 cum
1549 3107 1567 3145 e
1591 3089 1735 3165 parochia
1753 3087 1881 3146 Steiner·

1058 3191 1182 3249 kirchen
1210 3192 1247 3248 ad
1276 3193 1448 3269 parochiam
1476 3192 1675 3251 domesticam
1700 3177 1881 3259 discederet-l

1057 3297 1153 3365 Wels‚
1177 3297 1283 3354 Druck
1302 3298 1357 3354 der
1377 3297 1567 3355 Haas’schen
1584 3298 1705 3356 Officia.
1732 3295 1808 3369 1863.
1832 3289 1878 3348 8⁰.

1063 3416 1099 3476 14
1116 3419 1188 3478 pag.

1144 3529 1321 3603 Labach
1356 3541 1611 3606 Bertholdus
1647 3540 1874 3606 Alexander

1058 3659 1119 3741 (de
1136 3677 1162 3720 s.
1176 3657 1320 3721 Monte
1332 3658 1600 3741 Pannoniae),
1619 3658 1776 3743 Sopronii
1789 3657 1868 3720 eius·

1059 3782 1139 3844 dem
1163 3799 1251 3845 com.
1272 3780 1308 3843 in
1329 3781 1516 3864 Hungaria
1540 3782 1598 3845 die
1615 3788 1667 3846 31.
1685 3783 1779 3846 Mart
1796 3776 1863 3851 184⁶

1058 3914 1173 3984 natus,
1195 3903 1252 3966 die
1275 3908 1303 3967 8.
1321 3902 1423 3986 Sept.
1444 3909 1523 3968 1863
1549 3925 1577 3967 s.
1594 3906 1719 3969 habitu
1733 3904 1861 3971 indutus,

1058 4027 1116 4089 die
1134 4047 1184 4105 27.
1198 4026 1261 4090 Iul.
1280 4030 1360 4105 1869
1372 4037 1458 4089 vota
1474 4027 1661 4090 sollemnia
1673 4025 1785 4091 emisit.
1798 4020 1860 4085 111·

1058 4148 1183 4211 solutis
1200 4149 1235 4210 in
1252 4167 1279 4211 s.
1293 4157 1412 4211 monte
1425 4168 1452 4211 s.
1467 4148 1671 4232 theologiae
1685 4140 1860 4224 studiis,die

1059 4276 1109 4336 26.
1126 4271 1190 4335 Iul.
1211 4275 1293 4349 1870
1315 4273 1506 4354 presbyter
1525 4270 1644 4335 factus
1664 4281 1727 4354 est,
1747 4288 1785 4332 ex
1799 4275 1863 4345 quo

1058 4371 1229 4474 tempore⁴
1241 4394 1287 4454 ad
1303 4412 1434 4455 annum
1456 4396 1537 4470 1878
1554 4392 1591 4455 in
1609 4394 1730 4456 eodem
1744 4412 1767 4453 s
1780 4400 1866 4450 mon‘

1058 4524 1094 4577 te
1115 4513 1233 4577 officio
1254 4512 1467 4596 professoris
1487 4513 1630 4594 linguae
1646 4525 1682 4578 et
1696 4515 1866 4577 litterarum

1059 4634 1186 4698 Graec.
1201 4646 1309 4717 atque
1319 4636 1408 4717 Lat,
1422 4655 1468 4698 ex
1481 4655 1524 4699 eo
1536 4656 1623 4700 vero
1632 4613 1868 4699 bibliothecarii

1059 4767 1095 4821 et
1112 4755 1327 4838 professoris
1342 4757 1512 4841 fungitur.
1538 4757 1706 4842 Scripsit:

1147 4884 1169 4939 I.
1186 4883 1276 4939 Latin
1294 4884 1478 4941 mondattan.
1500 4880 1531 4964 (i.
1549 4905 1577 4943 e.
1600 4885 1736 4963 Syntaxis
1752 4862 1862 4939 Lafiflb)

1058 4986 1224 5063 Schinnagl
1236 5007 1251 5043 s
1265 4986 1363 5063 egye'b
1373 4985 1500 5045 szerzdk
1509 4991 1651 5066 nyoman.
1664 4993 1716 5049 Ms.
1728 4994 1763 5062 4⁰·
1773 4992 1855 5058 ΜΡ·

1146 5110 1183 5166 11.
1197 5110 1224 5165 A
1238 5117 1337 5185 gordg
1350 5110 1539 5185 szdjarasok.
1554 5111 1584 5192 (i.
1595 5134 1622 5172 e.
1633 5115 1751 5172 Dialecti
1761 5106 1851 5178 ligure

1058 5212 1221 5292 Graecae.)
1238 5222 1281 5288 4⁰.
1299 5230 1338 5287 32
1358 5235 1387 5292 p.
1405 5217 1461 5272 Ms.

1146 5319 1198 5375 ῙῙῙ·
1216 5321 1249 5375 ¹¹¹
1267 5320 1397 5394 linguam
1412 5321 1515 5397 Hung.
1531 5328 1696 5382 convertit:
1712 5327 1739 5397 a)
1748 5310 1842 5377 emina

1059 5423 1119 5492 Qu.
1133 5423 1251 5480 Horatii
1268 5423 1369 5481 Flacci
1386 5428 1494 5501 paucis
1512 5432 1667 5506 exceptis;
1688 5429 1717 5503 b)
1729 5410 1840 5501 Sophoclis
