4034 6262
233 100 421 174 Fellner
446 110 555 192 (recte
574 109 764 191 Fehlner)
787 107 998 172 Coloman-

142 254 221 300 nus
249 226 597 311 (Lambacensis)‚
620 237 725 289 natus
747 237 802 289 est
821 226 858 289 in
879 226 997 289 viculo

147 347 298 420 Pistori
306 348 507 430 parochiae
518 347 756 413 Aichkirchen
769 368 881 431 prope
895 348 997 412 Lam-

151 474 250 541 bach
275 471 332 534 die
353 493 404 551 19.
422 471 529 534 Mart.
549 475 638 550 1750.
663 470 900 534 Colomannus
921 470 997 552 qui·

156 601 251 676 dam,
278 594 353 655 ord.
374 592 526 656 fratrum
548 592 729 676 minorum,
755 593 996 656 missionarius

157 721 184 781 in
199 714 457 779 Aichkirchen
470 715 649 798 ingenium
661 715 763 797 pueri
775 715 996 797 perspiciens

156 840 364 902 rudimenta
381 838 584 900 delineandi
604 857 683 900 eum
705 838 847 901 edocuit
868 858 996 921 usque-

159 963 243 1024 dum
262 960 435 1023 Lambaci
451 961 487 1024 in
504 962 623 1024 schola
638 961 797 1042 normali,
815 961 896 1024 dein
913 960 994 1023 Cre-

159 1082 286 1146 mifani
305 1083 341 1146 in
361 1081 550 1167 gymnasio
574 1092 610 1146 et
634 1103 779 1147 musaeo
804 1083 933 1146 litteris
959 1094 995 1146 et

160 1204 228 1266 arti
253 1206 413 1269 musicae
437 1216 578 1287 tempus
602 1206 787 1287 impendit.
813 1207 994 1268 Monaste-

160 1325 251 1388 rium
269 1328 512 1392 Lambacense
527 1349 620 1392 anno
641 1333 722 1408 1769
742 1328 925 1411 ingressus
940 1347 994 1389 re-

159 1445 278 1531 liquit,
292 1450 397 1513 rediit
412 1461 532 1514 tamen
548 1470 641 1513 anno
661 1469 740 1529 1772
758 1449 923 1530 votisque
939 1468 994 1510 sa-

162 1570 231 1632 cris
249 1592 291 1636 se
306 1573 452 1637 devovit
470 1574 528 1635 die
549 1594 574 1635 1.
590 1573 681 1636 Nov.
705 1592 798 1635 anno
825 1593 904 1651 1774
925 1572 995 1654 pri-

161 1709 326 1777 mamque
353 1696 505 1759 hostiam
533 1696 754 1758 incruentam
782 1696 839 1757 die
862 1701 890 1759 6.
914 1692 993 1757 Oct.

162 1831 257 1878 anno
279 1837 354 1898 1777
380 1818 519 1881 obtulit.
544 1816 711 1882 Secundo
731 1818 813 1881 anni
839 1822 918 1898 1778
941 1836 994 1878 se-

162 1940 287 2003 mestri
309 1940 481 2024 magistro
504 1962 589 2003 usus
613 1950 668 2004 est
692 1941 885 2004 clarissimo
910 1951 1015 2004 tunc,

162 2054 301 2133 pictore
320 2074 356 2126 et
376 2062 640 2146 chalcographo
660 2064 816 2127 Martino
832 2061 994 2127 Schmidt

161 2173 195 2237 in
219 2184 353 2265 oppido
374 2184 487 2267 Stein,
512 2196 548 2247 et
569 2205 662 2248 anno
683 2206 764 2265 1779
788 2189 993 2248 subrectore

162 2295 185 2356 l·
212 2303 261 2366 de
285 2305 473 2370 Schmuzer
495 2307 531 2370 in
555 2327 583 2369 c.
609 2328 635 2372 r.
657 2308 785 2371 artium
809 2309 993 2370 academia

162 2416 430 2494 Vindobonensi
457 2430 639 2513 ingenium
665 2452 766 2493 suum
788 2432 992 2494 lubentissi-

162 2559 216 2606 me
233 2564 411 2617 annuente
427 2554 560 2617 abbate
573 2554 739 2617 Amando
756 2552 992 2638 Schickmayr

162 2677 331 2740 exercuit.
360 2677 513 2740 Domum
544 2696 708 2739 reversus
735 2677 771 2740 in
795 2678 872 2740 dies
898 2697 992 2740 nova

162 2800 250 2854 suae
264 2799 345 2862 artis
357 2798 552 2880 specimina
564 2820 659 2880 aqua
669 2799 753 2862 forti
770 2801 907 2882 (11110),
924 2821 991 2864 acu

163 2902 324 3003 (rediren,
335 2922 504 3003 kratzen),
522 2922 621 2984 caelo
638 2922 826 3005 (graviren,
839 2925 989 3005 graben)

162 3041 389 3123 praeparavit
424 3044 639 3126 collegitque
675 3055 731 3108 sat
765 3066 987 3110 numerosam

162 3161 423 3247 pretiosamque
435 3166 522 3228 artis
534 3167 853 3250 chalcographicae
866 3189 988 3232 monu-

161 3284 355 3350 mentorum
371 3289 509 3367 seriem,
535 3309 626 3372 quae
649 3291 708 3372 pie
724 3291 829 3354 hodie
846 3312 987 3374 quoque

160 3382 328 3473 Larubaci
354 3421 586 3474 conservatur
613 3421 650 3475 et
675 3412 811 3476 visitur.
842 3414 988 3477 Minime

160 3520 290 3593 artifex
305 3531 371 3595 sibi
384 3531 566 3595 sufficiens
578 3535 788 3597 commercio
801 3545 857 3598 sat
870 3539 988 3617 amplo

156 3623 328 3717 litterario
343 3664 448 3717 utens
465 3654 501 3717 in
514 3654 591 3718 dies
603 3677 696 3722 novo
707 3658 875 3721 methodo
891 3659 988 3722 incu-

155 3745 238 3830 buit
254 3777 296 3839 ad
311 3787 423 3840 artem
435 3780 714 3859 promovendam
731 3779 834 3843 simul
846 3802 988 3864 promp-

152 3868 312 3960 tissimus
336 3900 382 3961 ad
406 3900 495 3962 alios
516 3901 718 3964 edocendos
745 3902 988 3968 instruendos-

150 4005 238 4076 que·
265 4020 563 4105 Lithographicae
586 4023 672 4086 artis
694 4025 848 4108 vestigia
872 4029 986 4108 prima

146 4103 536 4228 ΜΟ111111111101110111
562 4165 655 4208 anno
682 4151 762 4209 1813
788 4149 985 4229 deprehen-

144 4230 247 4366 dfsss
271 4276 383 4330 artem
409 4265 501 4329 hanc
525 4267 659 4348 primus
683 4268 720 4331 in
744 4269 891 4333 Austria
914 4292 984 4333 non

142 4365 233 4441 ⁸¹¹¹ss
254 4387 345 4453 felici
369 4409 540 4452 successu
563 4391 732 4456 exercuit.
762 4390 984 4475 Quamquam

142 4487 222 4561 arti
241 4528 321 4574 suae
337 4512 565 4575 exercendae
586 4512 653 4575 fuit
673 4514 925 4597 deditissimus,
948 4516 983 4577 in

141 4600 322 4697 obeundis
337 4634 546 4698 muneribus
562 4636 767 4699 monasticis
787 4657 901 4719 aeque
917 4636 984 4700 fuit

142 4729 307 4823 atiprime
343 4765 515 4820 versatus
550 4765 675 4840 utpote
711 4759 845 4822 archivi
881 4780 983 4842 prae·

143 4833 271 4963 feetus,
293 4877 455 4943 musices
476 4876 630 4941 director
649 4898 715 4942 nec
735 4900 806 4943 non
828 4882 874 4944 ad
895 4892 983 4944 tem-

1076 122 1145 183 pus
1168 121 1392 168 oeconomus.
1424 103 1523 168 Obiit
1547 104 1605 167 die
1632 109 1679 169 18.
1701 106 1791 187 Apr.
1813 126 1907 169 anno

1080 228 1171 287 1818.

1162 347 1285 411 Edidit
1300 347 1471 411 libellum:
1567 364 1576 383 ·

1164 475 1270 532 Kleine
1302 474 1608 551 Kupferstichkunde.
1640 477 1745 544 Wien,
1777 476 1905 534 Alberti.

1080 594 1171 654 1794.
1185 579 1296 638 8⁰miu.
1311 595 1348 653 19
1358 599 1388 657 p.
1402 582 1464 637 Nec
1479 599 1539 636 non
1547 582 1622 637 artis
1634 581 1907 658 chalcographicae

1076 699 1105 741 11
1121 685 1360 761 lithographicae
1380 687 1545 760 specimina
1561 704 1723 741 numerosa
1738 685 1907 744 elaboravit

1075 790 1270 865 sculpsitque,
1293 789 1456 845 secundum
1477 791 1622 864 imagines
1643 787 1811 847 Sandrartii
1831 809 1905 859 sen„

1075 891 1240 962 Solimenii,
1258 894 1406 962 Carachii,
1424 894 1461 949 da
1478 895 1575 962 Vinci,
1593 894 1734 951 nonnulla
1750 897 1841 951 etiam
1857 913 1906 951 51-

1075 998 1201 1055 cundam
1226 998 1551 1067 Haubcnstrickerum,
1574 976 1790 1068 vDietrichium,
1812 1000 1907 1056 Maul·

1073 1100 1245 1159 berschium
1261 1104 1409 1178 aliosque,
1426 1116 1473 1159 ast
1485 1103 1613 1180 plurima
1628 1104 1666 1159 ad
1682 1105 1828 1179 imagines
1844 1123 1907 1160 ma·

1073 1210 1161 1282 gistri
1177 1211 1222 1264 sui
1238 1210 1357 1265 Martini
1374 1206 1510 1265 Schmidt
1526 1210 1728 1266 Kremsensis.
1752 1209 1785 1265 In
1802 1210 1906 1284 primis
1990 1210 1995 1218 ’

1075 1314 1167 1369 coluit
1193 1313 1344 1369 hominum
1370 1315 1516 1388 imagines
1545 1315 1574 1369 in
1603 1332 1674 1369 aere
1702 1313 1835 1369 incidere
1862 1326 1908 1369 at·

1074 1437 1133 1493 que
1157 1420 1312 1492 regionum
1335 1431 1518 1493 conspectus
1539 1437 1699 1493 rerumque
1719 1418 1906 1475 naturalium.

1075 1523 1214 1578 Omnium
1236 1524 1431 1597 speciminum
1452 1541 1574 1578 suorum
1595 1524 1704 1578 seriem
1729 1524 1794 1597 ipse
1817 1522 1907 1578 ador·

1073 1627 1155 1682 navit
1171 1638 1331 1701 exstatque
1344 1626 1441 1682 adhuc
1457 1628 1486 1682 in
1498 1629 1682 1682 monasterio
1695 1625 1906 1683 Lambacensi.

1074 1731 1297 1787 Laudatissima
1325 1731 1509 1807 exemplaria
1533 1744 1615 1787 sunt:
1644 1731 1842 1787 Circumcisio
1867 1732 1905 1787 l).

1073 1837 1108 1892 N.
1126 1836 1148 1891 I.
1166 1835 1220 1892 Ch.
1238 1836 1302 1892 Fol.
1321 1836 1352 1891 P.
1371 1837 1408 1892 K.
1425 1836 1457 1891 Ρ.
1479 1855 1522 1892 51.
1540 1836 1674 1893 Viennae
1695 1850 1785 1909 1779.
1802 1837 1907 1892 -La

1073 1953 1204 2015 martyre
1220 1939 1258 1996 de
1274 1959 1298 1996 5.
1316 1940 1463 1997 Coloman
1483 1954 1562 2015 1779
1584 1936 1673 2018 (aqua
1695 1938 1786 2018 lorti).
1807 1974 1850 1981 —
1871 1939 1904 1997 S.

1073 2047 1189 2113 Benoit,
1211 2043 1243 2100 S.
1262 2044 1383 2101 Placide
1399 2043 1576 2101 Sandrartii.
1593 2078 1636 2085 —
1652 2044 1805 2101 Abschied
1822 2046 1905 2102 Lud-

1073 2152 1133 2224 wig
1162 2150 1242 2207 XVI.
1273 2183 1317 2192 -
1351 2149 1465 2226 Joseph
1497 2150 1580 2205 Rosa
1615 2148 1705 2223 1789.
1736 2183 1780 2192 —
1808 2150 1905 2226 Jacob

1073 2252 1250 2311 Schmutzer
1266 2254 1357 2311 1800.
1372 2288 1415 2295 -
1429 2255 1539 2311 Martin
1553 2253 1754 2311 8111011111.-
1769 2255 1905 2330 Raphael

1072 2360 1188 2433 Mengs.
1204 2392 1247 2400 —
1264 2359 1309 2414 Le
1326 2372 1479 2415 cataracte
1495 2358 1532 2414 de
1548 2358 1577 2413 T
1579 2377 1663 2415 raun.

1159 2522 1323 2596 Fellner
1340 2533 1584 2616 Stephanus
1601 2535 1773 2600 Carolus
1795 2535 1903 2622 (Sco-

1072 2653 1239 2735 tensis),
1262 2654 1298 2716 in
1315 2653 1513 2717 Weinhaus
1534 2674 1647 2737 prope
1670 2656 1846 2718 Viennam
1867 2657 1903 2720 in

1071 2776 1217 2839 Austria
1233 2785 1338 2839 natus
1355 2776 1412 2839 die
1434 2782 1481 2841 15.
1495 2776 1574 2842 Oct.
1596 2782 1686 2860 1848,
1704 2799 1783 2841 cum
1799 2779 1902 2842 bonis

1068 2898 1196 2961 litteris
1212 2898 1452 2996 in'gymnasio
1469 2902 1515 2962 ad
1534 2897 1663 2964 Scotos
1680 2920 1824 2984 operam
1841 2923 1902 2965 na·

1068 3030 1203 3101 vasset,
1229 3022 1480 3084 monasterium
1503 3023 1544 3086 B.
1566 3023 1614 3086 M.
1631 3023 1674 3086 V.
1701 3026 1746 3086 ad
1772 3023 1901 3087 Scotos

1067 3142 1250 3224 ingressus
1274 3153 1329 3205 est
1353 3144 1410 3205 die
1435 3166 1485 3209 21.
1507 3144 1608 3228 Sept.
1635 3150 1724 3224 1867.
1753 3145 1900 3209 Emissis

1069 3265 1126 3326 die
1158 3285 1183 3328 1.
1212 3264 1290 3328 Oct.
1324 3270 1400 3345 1871
1432 3267 1525 3328 votis
1557 3269 1786 3330 sollemnibus
1817 3288 1899 3331 con-

1068 3364 1313 3470 summatoque
1337 3389 1373 3451 in
1397 3410 1425 3452 c.
1451 3411 1476 3451 r.
1498 3390 1593 3454 univ.
1613 3391 1767 3452 Vindob.
1794 3411 1899 3453 cursu

1067 3511 1280 3593 theologice,
1297 3512 1497 3575 sacerdotio
1514 3513 1746 3595 inauguratus
1768 3522 1823 3575 151
1840 3513 1898 3575 die

1069 3654 1119 3695 21.
1135 3634 1198 3696 Iul.
1221 3639 1312 3717 1872,
1337 3645 1373 3697 et
1394 3634 1451 3697 die
1471 3657 1501 3712 4.
1519 3634 1614 3716 Aug.
1637 3634 1795 3695 eiusdem
1815 3636 1898 3697 anni

1067 3758 1145 3819 Deo
1167 3759 1316 3839 primam
1339 3758 1491 3820 hostiam
1517 3758 1644 3820 obtulit
1667 3757 1896 3821 incruentam.

1065 3880 1173 3942 Haud
1194 3880 1244 3943 ita
1260 3882 1371 3943 multo
1391 3891 1475 3961 post
1496 3882 1542 3941 ad
1562 3879 1740 3962 gymnasii
1762 3880 1897 3961 profes-

1065 4022 1183 4064 suram
1207 4003 1419 4082 destinatuS,
1449 4022 1528 4065 cum
1554 4002 1610 4064 die
1639 4022 1689 4080 27.
1712 4002 1785 4065 Iun.
1815 4009 1893 4083 1877

1064 4125 1318 4189 tentaminibus
1334 4125 1487 4207 publicis
1504 4144 1568 4206 pro
1580 4124 1729 4188 historia
1745 4126 1896 4188 naturali

1064 4251 1285 4330 approbatus
1299 4256 1404 4328 esset,
1418 4246 1577 4309 eiusdem
1590 4247 1799 4329 disciplinae
1815 4267 1895 4329 pro-

1063 4373 1178 4435 fessor
1193 4372 1228 4435 in
1245 4391 1274 4433 c.
1291 4392 1316 4432 r.
1334 4371 1522 4453 gymnasio
1545 4371 1590 4432 ad
1611 4367 1740 4433 Scotos
1763 4370 1820 4432 die
1846 4373 1893 4431 18.

1064 4493 1164 4574 Sept.
1185 4497 1265 4573 1878
1283 4503 1338 4555 151
1354 4493 1574 4575 designatus

1149 4634 1262 4718 Typis
1279 4634 1404 4697 edidit:

1149 4778 1366 4855 Compendium
1375 4779 1429 4836 der
1437 4779 1783 4836 Naturwissenschalten
1791 4798 1829 4835 an
1839 4779 1893 4835 der

1062 4883 1172 4941 Schule
1193 4903 1228 4939 zu
1249 4883 1344 4939 Fulda
1367 4886 1405 4939 im
1429 4901 1458 4958 9.
1474 4882 1685 4960 Jahrhundcrt.
1708 4881 1780 4961 (1.1.
1803 4883 1892 4940 Com·

1637 4995 1667 5031 12
