4088 6270
680 521 962 591 -229-

139 715 214 787 aus,
230 704 416 787 scriptioni
432 705 585 770 vacavit.
608 703 666 768 Ob
682 714 780 767 aeta-

139 838 442 891 tvescentemnon
468 847 575 890 ausus
599 837 654 889 est
677 826 780 908 sequi

143 948 377 1013 Bertholdum
411 968 503 1012 anno
536 952 613 1027 1807
643 949 678 1011 in
706 949 780 1010 Au-

142 1070 328 1155 igrantem,
345 1071 380 1134 in
394 1070 511 1152 patria
522 1088 709 1133 remanens
723 1068 780 1131 die

139 1198 212 1257 1812
231 1193 291 1277 pie
307 1193 395 1257 obiit
411 1191 685 1275 nonagenarius,

139 1345 242 1398 untur
277 1335 352 1396 eius
388 1354 498 1416 opera
528 1332 780 1414 manuscripta,

139 1456 250 1520 ·chivo
263 1454 514 1520 San-Paulano
526 1457 780 1519 adservantur:

141 1602 261 1658 chichte
276 1619 336 1657 von
353 1600 398 1658 St.
412 1601 541 1657 Blasien.
559 1596 588 1678 (i.
602 1619 628 1656 e.
646 1600 781 1656 Historia

139 1702 187 1786 ta.)
203 1712 247 1779 4⁰.
264 1719 343 1762 cont.
361 1724 432 1781 pag.
451 1719 523 1778 215,
540 1704 652 1761 Archiv
661 1705 717 1760 N0.
727 1718 780 1776 34.

139 1823 193 1866 :sta
212 1808 354 1867 abbatum
376 1810 545 1884 principum
562 1808 735 1865 monasterii
751 1820 781 1863 et

139 1917 198 1971 ›nis
219 1914 279 1970 divi
296 1913 385 1970 Blasii
408 1916 438 1970 in
457 1916 544 1988 nigra
560 1914 636 1969 silva
653 1915 683 1969 in
699 1932 780 1969 com-

139 2019 240 2076 edacta
270 2032 300 2075 et
328 2016 594 2075 observationibus
621 2017 779 2082 illustrata,

163 2124 260 2181 Unum
278 2123 418 2179 volumen
434 2124 463 2178 in
481 2121 563 2189 folio,
581 2123 714 2177 continet
726 2139 780 2196 pa-

139 2227 260 2284 Adnexa
277 2240 324 2284 est
335 2226 496 2303 appendix,
514 2225 659 2282 exhibens
678 2239 780 2302 patres

139 2350 193 2400 tos,
216 2333 338 2407 pietate,
360 2332 485 2387 scientia
507 2345 536 2387 et
557 2333 689 2407 scriptiS,
714 2330 779 2387 olfi-

142 2456 157 2493 s
172 2435 251 2494 bene
267 2438 362 2511 gestis
378 2454 452 2512 prae
465 2439 575 2494 ceteris
587 2436 728 2493 inlustres
742 2435 780 2491 ab

162 2560 259 2617 usque
287 2555 385 2615 1759,
415 2560 492 2616 quae
516 2541 667 2617 appendix
690 2538 780 2596 habet

139 2647 217 2703 ·chiv
233 2647 290 2702 No.
309 2660 380 2718 ²03·

141 2765 207 2808 esta
226 2752 345 2807 Martini
369 2751 405 2806 II.
430 2751 575 2826 principis
597 2748 716 2806 abbatis
741 2750 779 2805 ad

141 2870 214 2932 post
238 2859 302 2912 eius
323 2854 436 2912 obitum
457 2857 619 2911 memoriae
641 2868 671 2911 et
686 2856 778 2929 grati-

139 2980 147 3017 ›
160 2963 336 3036 conscripta
347 2978 425 3016 anno
439 2960 559 3015 Domini
574 2973 664 3032 1793.
682 2961 776 3016 Unum

160 3063 248 3142 lolio,
274 3067 407 3120 continet
426 3066 553 3140 paginas
575 3078 643 3137 147,
665 3063 777 3120 Archiv

139 3274 314 3348 :crologium
332 3272 581 3330 San-Blasianum
601 3271 648 3329 bis
670 3291 776 3329 saecu-

139 3377 250 3451 -1785,
272 3380 474 3434 continuatum
497 3377 536 3434 ab
553 3396 631 3433 anno
652 3375 776 3450 1786—

139 3483 305 3540 uvolumen
322 3485 352 3538 in
368 3482 451 3545 folio.
469 3484 602 3538 continet
618 3481 689 3537 solia
706 3496 775 3554 137,

153 3601 222 3659 1²3·

139 3704 249 3748 retatus
271 3691 308 3746 de
330 3690 488 3766 disciplina
509 3694 676 3746 monastica
698 3688 774 3745 San-

139 3797 192 3852 “ria
206 3796 358 3851 volumina
375 3797 404 3851 in
420 3795 506 3869 soli03
525 3796 547 3850 I.
565 3794 624 3851 vol.
642 3796 775 3850 continet
813 3832 816 3896 ,

138 3901 160 3956 Ι.
170 3899 231 3956 vol.
245 3901 378 3956 continet
390 3918 460 3975 pag.
474 3913 490 3972 7
494 3914 511 3971 5
516 3914 546 3971 3,
564 3899 615 3954 111.
629 3898 689 3954 vol.
703 3917 775 3954 con-

143 4020 195 4077 44,
212 4003 326 4061 Archiv
342 4006 399 4060 No.
419 4019 492 4076 223.

139 4134 199 4208 tch
228 4145 464 4226 Rupertus
498 4141 775 4225 (Maro-Gric-

139 4283 237 4326 ucem
250 4262 418 4343 adspexit
431 4262 598 4324 Bosvilae
611 4261 645 4324 in
658 4263 775 4344 Argo-

139 4386 208 4448 tiae
226 4385 283 4447 die
300 4390 350 4447 23.
364 4384 468 4447 Mart.
491 4387 581 4465 1845,
599 4393 775 4446 monaste-

141 4526 246 4570 sense
269 4507 452 4589 ingressus
474 4517 559 4569 vota
580 4505 697 4568 emisit
717 4505 774 4567 die

139 4632 150 4690 3
168 4638 204 4690 et
217 4628 454 4690 sacerdotium
467 4627 569 4690 inivit
582 4627 639 4690 die
650 4631 678 4690 8.
688 4627 775 4688 Maii

860 705 993 786 iunctio)
1017 709 1194 783 Programm
1218 709 1271 766 der
1292 708 1486 765 Lehraustalt
1510 711 1539 765 in
1562 707 1691 766 Sarnen.

860 811 987 879 Samen,
1004 831 1053 888 ap.
1071 814 1093 869 I.
1110 813 1227 881 Mtiller,
1250 810 1339 886 1876.
1356 819 1400 885 4⁰.
1419 828 1456 869 22
1475 832 1505 889 p.

945 935 983 990 II.
994 933 1192 1009 Bengalische
1201 934 1407 1009 Beleuchtung
1419 904 1481 992 von
1489 932 1603 1010 Sigirid
1612 933 1690 992 Abts

859 1038 993 1095 Aulruhr
1012 1041 1050 1095 im
1070 1039 1095 1094 F
1096 1041 1202 1095 reiamt
1222 1056 1290 1094 vom
1310 1038 1423 1114 Januar
1443 1038 1533 1112 1841.
1553 1036 1691 1118 (Spectat

859 1143 897 1199 ad
918 1143 1071 1200 historiam
1092 1144 1267 1199 monasterii
1283 1141 1455 1222 Murensis.)
1478 1143 1616 1220 Schwyz‚
1640 1163 1689 1220 ap.

858 1246 985 1322 Bhrgler
1000 1247 1131 1304 Roemer
1151 1245 1241 1320 1875.
1261 1245 1303 1303 8⁰.
1326 1261 1385 1319 144
1402 1266 1432 1322 p.

946 1424 1113 1499 Khinell
1145 1436 1397 1499 Thaddaeus
1424 1437 1465 1500 P.
1495 1436 1690 1519 (Raigra-

861 1551 1053 1636 diensis),
1084 1554 1307 1616 Prostannae
1338 1554 1374 1617 in
1405 1554 1568 1619 Moravia
1598 1547 1715 1620 anno¹

864 1679 944 1754 1⁶99
961 1696 1009 1755 17·
1019 1676 1106 1758 Apr.
1120 1687 1235 1758 natus,
1250 1697 1342 1739 anno
1360 1682 1440 1756 1716
1453 1679 1690 1762 Raigradium

859 1797 966 1880 venit,
989 1808 1025 1860 et
1042 1819 1093 1862 21.
1110 1797 1189 1862 Oct.
1213 1800 1424 1862 monachum
1445 1801 1545 1864 hicce
1566 1802 1689 1866 induit.

859 1920 948 1982 Post
963 1929 1147 2002 peractum
1164 1921 1357 1984 novitiatus
1373 1943 1502 1985 annum
1520 1924 1691 2006 capitula·

860 2042 944 2105 riter
965 2063 986 2105 a
1007 2042 1204 2106 venerabili
1228 2054 1406 2106 conventu
1431 2054 1630 2129 susceptus,
1655 2047 1690 2109 in

860 2185 985 2227 manus
1000 2185 1122 2247 praep.
1141 2165 1289 2228 Antonii
1301 2166 1410 2228 Pirmi
1426 2166 1609 2248 professus
1625 2180 1690 2250 est,

861 2308 910 2349 21.
928 2287 1018 2352 Nov.
1044 2292 1134 2367 1718.
1158 2288 1226 2350 Die
1252 2292 1299 2376 ¹.⁵·
1315 2290 1404 2371 Apr.
1434 2309 1513 2369 1724
1537 2293 1690 2354 sabbato

860 2420 984 2473 sancto
1011 2410 1188 2475 Olomucii
1215 2412 1250 2474 in
1278 2412 1430 2474 ecclesia
1459 2431 1485 2474 s.
1514 2413 1642 2475 Annae
1669 2433 1690 2475 a

860 2533 1050 2596 Francisco
1075 2534 1203 2597 comite
1226 2533 1359 2596 Braida
1380 2554 1435 2616 ep.
1452 2534 1687 2617 Hipponensi,

859 2653 1086 2737 suffraganeo
1108 2655 1266 2719 Olomuc.
1292 2659 1482 2739 presbyter
1505 2658 1689 2721 ordinatus

857 2775 935 2858 luit,
949 2788 985 2840 et
997 2776 1164 2840 Calendis
1178 2777 1284 2840 Maiis
1297 2778 1455 2841 eiusdem
1468 2780 1551 2842 anni
1566 2781 1688 2863 primi-

858 2899 926 2962 tias
951 2900 1155 2962 celebravit.
1187 2900 1293 2962 Anno
1322 2905 1409 2990 1720¹
1425 2902 1686 2985 philosophiam

858 3022 1004 3085 clericos
1014 3023 1109 3084 domi
1119 3022 1452 3105 edocuit,1730vero
1461 3024 1687 3106 theologiam,

857 3145 1003 3207 iuvenes
1020 3145 1176 3227 optimae
1197 3146 1325 3208 indolis
1346 3147 1531 3229 ordinique
1552 3168 1687 3210 summo

858 3269 985 3331 decore
1017 3267 1215 3330 servientes
1250 3267 1342 3330 inter
1377 3288 1460 3331 suos
1495 3289 1686 3333 numerans

855 3391 1026 3471 alumnos,
1054 3399 1094 3451 ut
1117 3390 1157 3452 P.
1179 3388 1399 3451 Richardum
1422 3388 1582 3453 Schaller
1606 3402 1684 3474 etc,

855 3510 1042 3574 duodecim
1062 3510 1216 3573 novitios
1238 3490 1414 3594 educavit,
1438 3532 1585 3593 quorum
1607 3515 1686 3576 ulti-

854 3653 932 3695 mus
965 3652 1087 3715 praep.
1121 3632 1313 3696 Othmarus
1343 3632 1483 3696 Conrad
1513 3634 1590 3697 suit.
1628 3634 1685 3698 Ob

855 3755 1038 3837 praeclara
1050 3753 1147 3816 vitae
1163 3762 1267 3835 gesta
1284 3760 1360 3833 1731
1381 3756 1546 3836 subprior
1559 3758 1685 3819 domus

854 3875 980 3958 factus,
1003 3895 1082 3938 cum
1104 3875 1230 3937 studiis
1251 3877 1455 3939 domesticis
1478 3879 1524 3940 ad
1544 3886 1684 3960 tempus

855 3997 1015 4079 occlusis,
1032 3997 1119 4059 nihil
1131 3997 1265 4079 negotii
1278 3998 1436 4080 haberet,
1450 4018 1515 4080 per
1527 4001 1597 4061 duo
1609 3999 1684 4063 iere

854 4121 965 4181 lustra
981 4120 1106 4181 sedulo
1123 4138 1228 4180 curae
1244 4120 1439 4182 animarum
1460 4141 1605 4202 operam
1624 4142 1684 4184 na-

854 4241 963 4324 vavit,
981 4241 1099 4304 studia
1116 4253 1155 4305 ut
1170 4243 1371 4305 adamatam
1384 4243 1581 4305 Rachelem
1597 4264 1684 4306 nun-

855 4384 961 4445 quam
989 4384 1058 4427 non
1085 4366 1325 4447 amplexurus.
1360 4365 1496 4427 Redux
1518 4366 1638 4448 Praga
1662 4387 1685 4428 a

856 4486 1011 4566 capitulo
1028 4487 1236 4567 provinciali
1249 4487 1381 4549 ordinis
1394 4487 1491 4568 prior
1503 4487 1684 4550 constitui-

855 4618 925 4689 tur,
949 4618 1023 4670 tum
1046 4609 1092 4670 ad
1116 4618 1257 4688 tempus
1282 4608 1463 4689 inspector
1485 4608 1681 4691 Nigrofani,

139 4771 173 4813 ea
185 4752 298 4813 lector
308 4760 343 4812 et
352 4750 507 4812 director
515 4752 673 4831 capellae
687 4750 775 4812 abiit
813 4714 816 4833 l
855 4731 995 4792 demum
1003 4729 1193 4812 Ralgsadll
1205 4730 1368 4812 P10Vi⁸⁰r
1380 4739 1416 4792 θῖ
1426 4730 1559 4811 primus
1571 4730 1683 4793 mhi·

140 4871 308 4935 elvetiam
331 4871 452 4952 ibique
470 4873 575 4933 docet
591 4871 627 4934 in
643 4872 774 4934 scholis

139 4993 301 5058 arnensis
332 4993 506 5075 simulque
538 5013 664 5055 munus
693 4994 773 5054 sub-

139 5118 172 5180 in
192 5117 358 5180 convictu
381 5114 613 5179 administrat.
638 5116 772 5177 Edidit:

139 5260 344 5333 hwendigkeit
371 5259 424 5316 des
453 5258 608 5316 Glaubens
636 5259 694 5314 und
721 5259 774 5314 der

139 5363 387 5420 ·Wissenschast
404 5363 462 5418 und
480 5366 586 5419 Kunst.
605 5359 633 5439 (i.
647 5383 674 5418 e.
691 5362 773 5418 Fidei

854 4851 974 4913 varius
990 4872 1135 4933 summa,
1153 4873 1224 4934 qua
1237 4872 1377 4934 semper
1390 4852 1582 4934 fruebatur,
1601 4870 1683 4914 con-

854 4982 982 5035 ventus
999 4983 1035 5035 et
1049 4973 1246 5054 praepositi
1260 4972 1391 5035 fiducia
1412 4992 1483 5035 non
1504 4973 1681 5054 indignus.

855 5094 957 5158 Sicce
974 5095 1286 5176 contemplativam
1303 5115 1444 5176 semper
1465 5114 1543 5157 cum
1563 5094 1682 5157 activa

853 5217 984 5298 agendi
1000 5216 1137 5278 ratione
1150 5216 1370 5298 coniungens
1386 5216 1489 5278 morti
1506 5216 1613 5278 cessit
1628 5217 1683 5278 vir

854 5340 1009 5419 optimae
1040 5338 1230 5399 memoriae
1257 5346 1293 5399 et
1320 5336 1523 5400 meritorum
1554 5338 1681 5418 plenus

139 5470 335 5525 tnecessaria
352 5487 417 5523 cum
432 5469 558 5523 scientia
575 5480 605 5521 et
620 5480 685 5521 arte
702 5485 773 5522 con·
811 5432 814 5549 l
858 5482 905 5526 11.
921 5462 1026 5524 Mart.
1048 5465 1138 5539 1753.
