4034 6262
877 207 1133 289 -67-

127 414 246 489 nensi
264 408 621 491 repraesentantibus,
646 428 794 490 quorum
815 407 966 488 ipsemet

136 537 337 616 catalogum
353 530 520 595 confecit.
552 530 591 593 In
615 530 818 593 meritorum
840 531 908 593 hac
932 529 967 591 in

143 683 178 727 re
201 654 392 740 praemium
418 654 557 714 duobus
585 652 734 714 nummis
757 672 778 714 a
801 670 966 732 supremo

152 775 371 862 expositionis
399 774 529 837 iudicio
559 784 666 856 atque
690 774 862 857 regimine
888 794 965 836 cum

157 902 264 966 titulo:
290 918 327 978 ,a
347 897 504 959 consiliis
528 896 752 977 provincia&
778 895 966 979 insignitus

163 1034 215 1087 est.
241 1022 332 1082 Anno
352 1023 433 1098 1877
452 1020 498 1081 ad
514 1038 745 1102 congressum
763 1018 967 1081 internatio-

166 1148 223 1207 lem
238 1142 405 1204 Kiioviam
423 1141 603 1222 invitatus,
620 1141 740 1204 statim
753 1140 834 1202 illuc
851 1138 968 1221 profe-

170 1277 232 1328 ctus
247 1276 276 1327 et
288 1284 348 1345 per
364 1267 489 1327 decem
500 1264 801 1326 hebdomadarum
815 1263 968 1343 spatium

172 1386 324 1449 inRussia
344 1394 591 1466 commoratus
616 1385 742 1447 studiis
766 1385 969 1447 archaeolo-

173 1509 243 1590 gicis
262 1509 396 1589 insuper
419 1509 525 1570 etiam
548 1507 755 1569 Moscoviae
784 1506 969 1569 archivali·

173 1631 223 1691 bus
238 1632 379 1692 sedulam
401 1630 501 1691 dedit
517 1648 672 1709 operam.
705 1627 839 1710 Oratio,
864 1648 969 1710 quam

176 1751 312 1814 Kiioviae
329 1754 393 1836 ,de
410 1752 554 1814 tumulis
572 1751 836 1831 praehistoricis
858 1749 970 1812 ethni·

176 1875 317 1937 commin
338 1873 520 1937 Moravia“
545 1874 713 1936 idiomate
729 1873 887 1934 Russico
910 1874 971 1934 ha-

174 1992 240 2074 buit,
266 1996 566 2058 dissertationibus
597 2013 812 2077 congressus
840 1994 972 2055 inserta

174 2112 284 2194 legitur.
301 2118 450 2180 Duobus
461 2118 562 2180 annis
576 2128 658 2198 post
670 2136 791 2179 mense
804 2117 972 2197 Augusto

177 2238 238 2313 18711
251 2239 360 2302 Dudik
376 2240 568 2302 conventui
582 2237 837 2322 ablegatorum,
855 2238 915 2318 qui
928 2239 972 2299 de

165 2359 413 2445 'anthmpologia
431 2372 467 2424 et
480 2362 729 2444 archaeologia
745 2359 972 2441 praehistori-

173 2495 203 2537 ca
224 2479 490 2546 Eudae-Pestini
513 2486 682 2566 agebant,
709 2482 878 2562 interfuit,
903 2501 972 2563 qua

173 2605 328 2668 occasione
353 2606 688 2668 commentationem
714 2606 758 2667 de
782 2603 973 2685 perforatis

173 2722 262 2788 calvis
283 2729 313 2790 in
333 2730 471 2792 ossario
488 2728 694 2792 Sedlecensi
715 2727 868 2789 inventis
884 2726 973 2787 rela-

173 2840 242 2907 tioni
250 2868 325 2913 suae
335 2851 507 2913 adiunxit.
521 2850 670 2912 Ineunte
680 2849 775 2911 Maio
786 2868 879 2911 anno
893 2853 970 2927 1877

173 2961 270 3033 Dudik
288 2972 551 3036 Stockholmiae
573 2972 780 3053 postulabat
803 2971 973 3033 conditio·
1003 3040 1007 3048 ,

174 3103 224 3147 nes
241 3096 428 3158 traditionis
453 3116 488 3157 21
517 3095 679 3157 codicum
703 3094 881 3156 idiomatis
904 3094 973 3155 Bo-

175 3205 285 3296 hemici,
313 3239 333 3281 a
358 3216 485 3311 Suecis
509 3218 658 3279 durante
687 3237 798 3279 annos
826 3216 973 3299 triginta

176 3327 250 3396 bello
282 3360 322 3401 ex
358 3340 533 3402 Bohemia
571 3348 607 3402 et
642 3339 803 3401 Moravia
838 3340 974 3400 ablato·

179 3465 354 3541 Γ1111111011
382 3462 566 3544 negotium
591 3463 636 3522 ad
659 3470 821 3542 optatum
846 3462 974 3541 perdu-

178 3569 218 3632 xit
234 3576 338 3666 finem,
360 3605 441 3647 cum
462 3585 620 3647 secunda
643 3583 721 3646 vice
747 3581 912 3646 Sueciam
939 3594 974 3644 et

179 3687 314 3768 Russiam
340 3707 500 3788 visitans,
533 3708 708 3768 adductos
736 3706 878 3768 codices
906 3705 974 3767 iam

180 3815 286 3889 pridem
302 3826 544 3892 Stockholmia
567 3828 722 3890 Brunam
744 3827 974 3907 expediisset,

181 3934 225 3996 ubi
241 3962 347 4013 mense
364 3951 466 4013 Iunio
488 3955 567 4031 1878
590 3952 820 4012 advenerunt.
852 3949 976 4011 Petro-

180 4057 232 4129 1011
251 4067 491 4147 bibliothecam
517 4072 657 4134 nomine
685 4071 973 4154 „Zaluskianaw

180 4181 372 4257 perlustravit
389 4214 540 4276 eamque
557 4197 679 4256 urbem
693 4214 785 4255 anno
803 4199 882 4272 1879
900 4214 976 4255 cur-

180 4312 256 4368 rente
269 4318 456 4380 studiorum
474 4338 583 4380 causa
599 4317 724 4380 iterum
741 4316 910 4378 visitavit.
935 4316 975 4378 In

180 4431 340 4501 praemium
356 4440 518 4502 laborum
532 4458 674 4501 suorum
687 4439 809 4501 Dudik
825 4458 975 4519 sequen-

178 4534 253 4610 tibus
275 4562 450 4624 ordinibus
480 4571 515 4623 et
543 4561 654 4623 titulis
677 4560 867 4643 insignitus
894 4559 974 4621 fuit:

178 4650 225 4722 E⁵t
243 4683 449 4745 consiliarius
471 4703 557 4745 suae
578 4703 768 4745 caesareae
792 4703 833 4745 ac
854 4682 975 4764 regiae

177 4791 268 4858 ³P⁰St
294 4796 488 4868 maiestatis
521 4815 557 4867 et
588 4804 778 4887 regiminiS,
815 4803 975 4884 possidet

175 4904 305 4988 ⁰rdinem
327 4948 421 4991 caes
444 4946 518 5010 reg.
540 4927 569 4988 F
571 4926 721 4989 rancisci
741 4927 895 5008 Iosephi,
921 4946 973 4988 re-

174 5018 242 5094 11Ῑᾶ8
256 5062 395 5113 coronae
412 5049 777 5131 WiirtembergensiS,
794 5069 868 5130 reg.
885 5046 972 5111 Sue-

175 5139 267 5226 vicum
286 5168 428 5257 Wasae,
454 5169 673 5234 Saxonicum
697 5171 896 5252 Albrechti,
921 5190 974 5232 or-

1047 405 1165 469 dinem
1180 406 1321 486 aquilae
1342 408 1470 470 rubrae
1490 428 1564 491 reg.
1582 409 1762 472 Borussici
1787 411 1876 471 clas·-

1036 529 1257 624 5151111111,
1286 548 1312 592 s.
1338 528 1523 592 Michaelis
1547 531 1722 593 Bavariae
1752 530 1876 593 classis

1046 650 1192 731 primae,
1224 653 1298 714 ord.
1326 651 1559 734 Medschidije
1588 654 1711 715 classis
1739 653 1876 732 tertiae,

1047 783 1196 836 vocatus
1232 793 1343 854 eques
1375 774 1499 836 classis
1534 776 1712 837 secundae
1745 775 1877 836 ordinis

1048 895 1186 975 imperii
1211 895 1360 957 Russici
1390 915 1416 958 S.
1445 896 1582 977 Annae,
1614 898 1879 958 commendator

1047 1016 1179 1078 ordinis
1210 1016 1526 1098 Hierosolymitani
1558 1027 1595 1080 et
1622 1040 1647 1080 5.
1681 1017 1878 1082 Salvatoris

1048 1139 1149 1221 regni
1168 1137 1356 1213 Graeciae;
1381 1140 1572 1222 insignitus
1597 1151 1652 1203 est
1678 1161 1706 1203 c.
1727 1162 1752 1203 r.
1775 1159 1879 1202 cruce

1048 1280 1156 1323 aurea
1185 1261 1327 1323 militari
1357 1281 1421 1341 pro
1451 1262 1518 1342 piis
1547 1263 1680 1324 meritis
1712 1282 1777 1324 nec
1810 1281 1879 1323 non

1049 1384 1189 1466 magnis
1205 1384 1356 1446 monetis
1373 1385 1489 1446 aureis
1506 1405 1571 1465 pro
1587 1385 1715 1447 litteris
1739 1394 1775 1446 et
1798 1384 1880 1446 arti-

1048 1510 1116 1570 bus
1139 1527 1328 1589 regnorum
1351 1508 1542 1588 Austriaci‚
1565 1508 1883 1589 Wiirtembergen·

1050 1629 1113 1710 515,
1144 1628 1313 1691 Saxonici
1338 1640 1374 1690 et
1398 1632 1548 1692 ducatus
1572 1629 1759 1692 Badensis
1785 1629 1883 1710 Quas

1050 1763 1211 1814 monetas
1251 1760 1287 1813 et
1329 1751 1483 1833 insignia
1526 1773 1656 1834 magna
1695 1773 1741 1814 ex
1780 1763 1882 1835 parte

1052 1875 1085 1936 in
1116 1874 1310 1955 pretiosum
1343 1874 1489 1936 calicem
1522 1873 1667 1937 conflari
1698 1876 1755 1936 vel
1790 1877 1883 1937 hunc

1051 1998 1118 2060 illis
1147 1997 1311 2060 exornari
1343 1997 1489 2079 curavit,
1521 1997 1555 2058 in
1587 2008 1797 2078 perpetuam
1829 1997 1884 2057 sui

1053 2120 1256 2183 memoriam
1288 2120 1461 2182 coenobio
1493 2120 1749 2201 Raigradicnsi
1785 2131 1821 2182 et
1856 2139 1883 2180 5.

1052 2242 1250 2305 Benedicto
1283 2241 1495 2304 dedicatum.
1536 2240 1643 2303 Cuius
1672 2240 1791 2302 calicis
1824 2241 1884 2300 de-

1053 2364 1290 2445 scriptionem,
1318 2372 1513 2424 memoratu
1538 2363 1682 2444 dignam
1714 2361 1747 2422 in
1778 2364 1885 2443 ephe-

1053 2487 1186 2549 meride
1207 2486 1403 2548 Viennensi
1429 2485 1675 2566 „Vaterland“,
1702 2485 1731 2546 si
1754 2486 1885 2565 placet,

1053 2609 1229 2691 perlegas.
1261 2607 1326 2670 Est
1350 2608 1494 2688 insuper
1514 2607 1637 2669 Dudik
1661 2606 1886 2687 sequentium

1053 2730 1264 2792 societatum
1291 2731 1487 2791 membrum
1516 2732 1672 2792 actuale:
1703 2729 1887 2792 facultatis

1054 2851 1323 2933 philosophicae
1356 2851 1390 2912 in
1422 2871 1450 2913 c.
1483 2871 1507 2912 r.
1542 2850 1774 2913 universitate
1803 2850 1887 2913 Olo-

1054 2974 1221 3055 mucensi,
1244 2973 1449 3036 academiae
1466 2973 1694 3035 scientiarum
1712 2973 1887 3053 Viennae,

1053 3095 1281 3178 Hungaricae
1310 3095 1457 3176 Pestini,
1488 3095 1703 3157 Bohemicae
1733 3096 1888 3177 Pragae,

1054 3219 1154 3301 regni
1171 3218 1348 3280 Bavariae
1369 3218 1558 3298 Monachii,
1581 3218 1718 3299 imperii
1740 3218 1889 3279 Russici

1054 3342 1269 3422 Moscoviae,
1289 3342 1495 3404 academiae
1513 3340 1719 3421 pontificiae
1736 3339 1889 3415 Romae,

1025 3462 1034 3481 ⁴
1055 3484 1083 3526 c.
1093 3485 1118 3526 r.
1133 3465 1268 3526 musaei
1285 3484 1349 3545 pro
1367 3463 1503 3526 artibus
1521 3472 1557 3525 et
1575 3462 1747 3524 industria
1765 3472 1799 3523 et
1818 3482 1845 3522 c.
1861 3482 1887 3525 r.

1056 3585 1313 3648 commissionis
1343 3585 1509 3647 centralis
1541 3605 1606 3664 pro
1633 3582 1889 3646 conservandis

1058 3718 1093 3770 et
1120 3708 1362 3770 restaurandis
1390 3707 1626 3769 monumentis
1655 3706 1828 3783 Viennae,
1864 3726 1889 3768 r.

1055 3829 1237 3892 societatis
1254 3849 1319 3910 pro
1336 3829 1550 3911 indagandis
1565 3827 1726 3890 fontibus
1742 3825 1892 3888 Germa-

1056 3952 1135 4015 niae
1152 3952 1259 4014 medii
1275 3952 1355 4014 aevi
1371 3950 1595 4014 Francoforti
1613 3972 1643 4011 a.
1658 3950 1716 4029 M,
1735 3971 1763 4012 c.
1779 3970 1890 4031 germ.

1056 4075 1240 4137 societatis
1262 4074 1495 4156 Regiomonti
1517 4074 1552 4134 111
1576 4073 1755 4151 Βο1115511,
1780 4092 1891 4153 germ.

1056 4197 1168 4258 musei
1183 4195 1503 4287 NorimbergensiS,
1522 4194 1705 4257 societatis
1722 4193 1893 4256 historiae

1055 4290 1319 4380 marchionatus
1340 4317 1699 4398 Brandenburgensis
1725 4316 1893 4396 Berolini,

1056 4444 1206 4503 ducatus
1220 4439 1362 4525 Styriae
1380 4439 1558 4520 Gradecii,
1578 4459 1730 4501 necnon
1749 4459 1776 4500 c.
1792 4459 1816 4499 r.
1836 4458 1891 4500 50-

1056 4562 1195 4624 cietatis
1223 4560 1450 4623 scientiarum
1482 4561 1693 4623 naturalium
1727 4579 1893 4639 agrorum

1056 4695 1091 4748 et
1107 4684 1275 4747 historiae
1292 4683 1431 4763 patriae
1450 4684 1718 4763 promovendae
1736 4700 1800 4759 per
1817 4682 1895 4743 Mo-

1056 4806 1189 4869 raviam
1216 4815 1251 4866 et
1276 4802 1440 4866 Silesiam
1465 4805 1694 4884 eiusdemque
1720 4800 1896 4865 sectionis

1054 4925 1442 4990 historico-stetisticae
1456 4927 1610 4989 Brunae.
1635 4924 1835 4987 Membrum
1851 4929 1897 4987 ad

1054 5052 1208 5112 honores
1231 5066 1317 5108 vero
1339 5048 1475 5109 electus
1496 5046 1563 5109 fuit
1584 5047 1813 5109 societatum:
1846 5047 1898 5107 hi-

1054 5170 1184 5233 storiae
1211 5177 1248 5230 et
1269 5168 1493 5249 antiquitatis
1510 5168 1659 5245 Pestini,
1687 5166 1898 5251 Zagrabiae,

1652 5273 1686 5330 ,a
