4088 6270
792 533 1073 602 -531.„

150 724 232 779 XXI.
258 722 383 797 Predigt
402 721 452 778 bei
473 720 531 777 den
549 720 721 778 feierlichen
737 721 895 794 Exequien

63 829 109 885 Iiir
126 828 204 884 weil.
222 824 273 883 Se.
290 826 431 901 Majesta‘tt
447 827 543 881 Franz
559 826 581 881 I.
598 821 669 904 (1.0.
687 825 794 881 Oratio
811 823 895 879 fune·

62 932 126 989 bris
143 931 246 989 habita
262 933 291 987 in
307 930 507 988 sollemnitate
520 933 714 1005 exequiarum
731 948 787 1006 pro
802 931 895 1003 impe-

64 1051 165 1092 ratore
190 1036 355 1091 Francisco
373 1031 408 1113 Ι.)
432 1030 521 1102 Linz‚v
538 1034 606 1109 joh.
631 1035 773 1090 Huemer.
803 1031 893 1104 1835.

65 1141 107 1198 8⁰.
126 1155 163 1212 31
185 1159 216 1215 p.

150 1261 249 1317 XXII.
281 1262 365 1333 Ziige
392 1258 451 1315 und
479 1257 720 1333 Schilderungen
747 1276 801 1313 aus
829 1257 895 1312 dem

63 1365 171 1423 Leben
188 1365 243 1422 des
255 1365 309 1422 sel.
323 1362 485 1420 Sebastian
497 1364 594 1419 Franz
606 1361 674 1438 Job,
688 1363 896 1419 Beichtvaters

63 1472 268 1528 derKaiserin
277 1469 417 1526 Carolina
427 1467 575 1542 Augusta.
585 1464 615 1545 (i.
626 1486 652 1524 e.
663 1467 733 1524 Vita
741 1466 773 1524 S.
783 1468 816 1522 F.
827 1465 895 1541 J0b‚

63 1574 217 1650 quondam
235 1573 412 1629 confessarii
434 1574 633 1648 imperatricis
649 1573 718 1628 Car.
739 1571 896 1646 Augustae

64 1678 244 1754 quibusdam
273 1678 460 1734 lineamentis
488 1673 687 1755 adumbrata.)
715 1677 804 1742 Lina,
828 1675 895 1751 Joh.

64 1784 208 1839 Huemer.
231 1781 321 1854 1835.
340 1781 382 1838 80.
405 1779 463 1853 184
481 1800 510 1856 p.

150 1905 264 1961 XXIII.
289 1903 446 1960 Sechzehn
463 1904 599 1972 Theseu,
618 1903 732 1958 welche
753 1901 806 1957 der
822 1902 896 1957 Erz·

62 2008 189 2067 bischos
202 2009 341 2065 Clemens
354 2008 475 2082 August
491 2010 603 2064 seincm
619 2007 726 2063 Clerus
742 2026 778 2061 zu
795 2019 896 2061 unter-

63 2115 209 2171 zeicbnen
225 2114 387 2187 vorgelegt
408 2112 468 2179 hat,
494 2113 546 2167 mit
570 2110 627 2166 den
649 2109 897 2183 Einwendungen

62 2238 164 2293 gegen
180 2216 334 2274 dieselben
356 2216 414 2272 und
435 2215 489 2272 der
504 2215 714 2272 katholischen
731 2215 897 2288 Dogmatik

63 2323 251 2397 verglichen.
270 2318 299 2398 (i.
313 2341 339 2378 e.
361 2319 398 2377 16
415 2321 527 2389 theses,
545 2339 621 2395 quas
637 2320 776 2376 Clemens
793 2318 896 2394 Augu·

63 2443 130 2484 stus
147 2428 396 2502 archiepiscopus
413 2426 495 2482 clero
512 2443 568 2481 suo
581 2423 815 2481 subscribendas
828 2443 898 2500 pro-

62 2534 178 2609 posuit,
204 2550 270 2587 cum
295 2529 523 2606 exceptionibus
545 2542 651 2585 contra
674 2529 794 2585 easdem
811 2528 898 2585 lactis

61 2652 178 2693 etcum
196 2634 368 2709 dogmatica
384 2634 533 2690 catholica
550 2630 700 2712 collatae.)
725 2635 809 2700 Lina,
830 2634 897 2709 Joh.

61 2743 210 2797 Huemer.
232 2737 321 2810 1838.
340 2738 382 2796 8⁰.
405 2752 460 2794 102
480 2757 509 2813 p.

150 2862 261 2918 XXIV.
276 2858 465 2917 Hirtenbries
474 2879 544 2916 vom
555 2874 606 2931 30.
616 2858 789 2916 November
807 2858 898 2933 1839.

60 2965 92 3042 (ἰ.
114 2985 140 3022 0.
160 2967 295 3022 Litterae
311 2963 502 3042 pastorales.)
527 2966 610 3033 Lina,
633 2964 722 3037 1839.
745 2962 787 3021 80.
816 2979 849 3036 15
869 2984 898 3040 p.

152 3105 249 3161 XXV.
271 3106 378 3160 Oratio
395 3103 497 3160 habita
519 3103 557 3159 ad
575 3103 736 3179 capitulum
754 3103 869 3159 Cremis
886 3135 899 3147 ·

63 3227 161 3266 nense
178 3209 226 3264 die
243 3224 293 3264 22.
311 3207 396 3282 Sept.
418 3207 507 3280 1840.
525 3209 633 3274 LinciI,
655 3207 745 3279 1840.
764 3206 806 3264 8⁰.

152 3331 262 3388 XXVI.
275 3330 465 3387 Hirtenbriel
472 3330 642 3387 veranlasst
655 3330 749 3386 durch
762 3329 816 3386 das
829 3348 898 3385 vom

63 3439 96 3493 P.
110 3438 183 3491 Pius
193 3437 244 3491 IX.
258 3433 534 3509 ausgeschriebene
551 3433 896 3509 allgemeineJubilaum.

62 3540 92 3619 (i.
118 3560 147 3597 e.
174 3541 309 3596 Litterae
334 3539 505 3615 pastorales
532 3539 695 3594 occasione
720 3539 898 3594 universalis

63 3643 186 3700 iubilaei
204 3663 221 3698 a
237 3663 261 3700 s.
279 3645 361 3718 Papa
378 3645 431 3699 Pio
448 3643 499 3698 IX.
529 3641 608 3714 1846
629 3642 810 3717 promulgati
835 3642 898 3697 edi·

63 3746 136 3827 tae.)
155 3749 239 3814 Lim,
254 3748 281 3823 J.
298 3748 440 3803 Huemer.
462 3745 553 3820 1847.
571 3745 613 3803 80.
632 3745 671 3818 48
690 3766 718 3822 p.

156 3871 280 3926 XXVII.
305 3869 547 3942 Betrachtungen
571 3867 646 3923 iiber
670 3868 812 3941 religiose
836 3867 898 3923 Ge·

63 3973 260 4031 sellschaltcn
288 3977 315 4029 in
340 3973 537 4048 Verbindung
563 3976 616 4029 mit
643 3972 701 4029 den
730 3972 899 4028 weltlichen

63 4078 192 4135 Staaten
209 4077 284 4133 oder
300 4076 375 4133 liber
391 4078 540 4152 Religion,
563 4078 674 4134 Kirche
691 4077 750 4132 und
767 4074 854 4132 Staat
870 4078 899 4131 in

63 4181 268 4238 freundlicher
283 4180 489 4255 Verbindung.
514 4178 543 4260 (i.
561 4201 587 4238 e.
606 4182 652 4237 De
670 4180 834 4237 concordia
851 4198 899 4235 ec-

63 4287 189 4342 clesiam
214 4287 289 4341 inter
313 4299 343 4341 et
368 4282 541 4363 civitatem.)
573 4286 662 4352 Linz‚
690 4285 715 4360 J.
741 4283 899 4340 Huemeffs

64 4392 104 4448 W
109 4392 191 4446 itwe.
214 4389 304 4462 1849.

153 4511 293 4568 XXVIII.
312 4511 374 4567 Der
392 4510 510 4567 Glaube
526 4530 564 4566 an
578 4509 688 4567 Gottes
701 4511 792 4568 Wort
807 4508 901 4565 bahnt

1060 721 1156 775 XXX.
1174 718 1276 776 Verba
1297 718 1402 774 salutis
1418 719 1532 792 scripta
1548 716 1586 773 ad
1603 718 1805 776 venerabilem

975 843 1060 880 suum
1077 823 1199 880 clerum.
1217 824 1324 891 Lincii‚
1338 824 1417 898 typis
1430 822 1534 878 Ioann.
1549 823 1692 880 Huemer.
1714 822 1805 895 1843.

975 942 1015 1000 35
1034 947 1104 1003 Pag-

1060 1034 1222 1088 Praeterea
1253 1033 1282 1086 in
1315 1031 1445 1101 „Frint’s
1473 1030 1702 1104 Theologische
1726 1032 1807 1087 Zeit-

975 1136 1111 1202 schrist“‚
1129 1137 1151 1192 I.
1168 1136 1271 1211 Jahrg.
1289 1154 1317 1210 p.
1336 1148 1513 1207 191-247,
1530 1135 1567 1191 II.
1580 1134 1683 1209 Jahrg.
1701 1153 1730 1209 p.
1743 1133 1807 1208 376

975 1238 1091 1318 -382,
1108 1240 1159 1296 IV.
1176 1240 1278 1315 Jahrg.
1296 1258 1324 1314 p.
1344 1237 1525 1311 271—'308‚
1548 1239 1650 1315 plures
1673 1239 1806 1296 eiusdem

976 1356 1121 1400 tractatus
1138 1344 1313 1418 theologici,
1331 1345 1511 1419 praesertim
1528 1344 1565 1400 de
1578 1364 1602 1401 s.
1617 1357 1806 1400 sacramento

977 1449 1193 1515 Poenitentiae‚
1212 1450 1411 1505 inveniuntur.

1062 1560 1252 1653 Zingerle
1269 1571 1370 1633 Pius
1385 1571 1807 1654 (Mariaemontanus),

976 1698 1081 1750 natus
1097 1687 1279 1750 Meraniae
1300 1709 1346 1767 17.
1364 1689 1469 1753 Mart.
1490 1694 1581 1770 1801,
1604 1701 1751 1771 peracto
1772 1691 1807 1752 in

976 1812 1063 1872 urbe
1080 1809 1197 1890 patria
1213 1810 1390 1892 gymnasii
1412 1831 1454 1872 ac
1476 1810 1678 1890 Oeniponte
1695 1812 1808 1892 philo-

976 1931 1123 2012 sophiae
1141 1951 1206 1993 nec
1223 1951 1292 1994 non
1305 1932 1461 1994 biennali
1478 1932 1682 2014 theologiae
1699 1933 1809 1995 curri·
1901 1993 1903 1998 ,

976 2053 1056 2114 culo
1076 2053 1224 2135 egregia
1246 2053 1377 2134 ubique
1400 2065 1475 2115 tum
1498 2074 1709 2138 progressus
1734 2064 1808 2116 tum

977 2194 1112 2236 morum
1127 2175 1232 2236 laude
1250 2175 1307 2237 die
1326 2195 1375 2254 27.
1393 2175 1456 2239 Iul.
1478 2181 1559 2238 1820
1575 2176 1734 2258 legitime
1751 2196 1809 2238 su-

977 2307 1122 2377 sceptus
1146 2306 1182 2358 et
1210 2301 1256 2360 15.
1283 2296 1361 2359 001.
1386 2317 1415 2360 0.
1441 2318 1471 2360 a.
1496 2298 1655 2359 ordinem
1680 2308 1735 2360 est
1758 2298 1809 2360 in-

977 2438 1133 2499 gressus,
1158 2419 1225 2480 Die
1249 2439 1299 2480 20.
1318 2418 1397 2482 Oct.
1420 2424 1496 2482 1822
1519 2430 1604 2483 vota
1626 2419 1809 2482 sollemnia

978 2540 1104 2622 emisit,
1126 2563 1156 2618 4.
1173 2541 1260 2621 Apr.
1282 2546 1365 2619 1824
1382 2542 1552 2604 Brixinae
1569 2544 1739 2604 sacerdos
1755 2562 1810 2604 sa·

978 2672 1097 2724 cratus
1123 2684 1169 2741 19.
1195 2683 1223 2724 0.
1247 2684 1290 2726 m.
1316 2664 1465 2744 primam
1488 2663 1567 2725 Deo
1591 2664 1809 2727 incruentam

978 2785 1130 2846 hostiam
1147 2785 1284 2847 obtulit.
1303 2785 1442 2847 Exinde
1457 2788 1610 2849 deducto
1627 2786 1809 2867 sexenni0,

980 2926 1049 2986 quo
1073 2907 1108 2968 in
1131 2908 1325 2969 ammarum
1350 2928 1470 2969 curam
1492 2909 1529 2970 in
1549 2909 1809 2973 Ρ1111011115.

979 3027 1124 3089 Martini
1145 3028 1180 3090 in
1196 3028 1366 3111 Passyria
1391 3049 1528 3093 summa
1552 3031 1737 3112 diligentia
1759 3032 1811 3093 in-

980 3149 1111 3231 cubuit,
1136 3150 1171 3211 in
1193 3153 1382 3232 gymnasio
1399 3153 1602 3215 Meranensi
1627 3173 1740 3234 usque
1764 3155 1811 3215 ad

979 3291 1109 3333 annum
1124 3275 1202 3332 1802
1218 3273 1506 3335 adolescentibus
1520 3274 1745 3336 instituendis
1758 3286 1811 3337 to·

979 3403 1052 3454 tum
1085 3413 1123 3454 se
1155 3393 1302 3456 tradidit
1329 3395 1502 3476 simulque
1533 3398 1579 3457 ab
1607 3416 1699 3458 anno
1731 3401 1808 3458 1852

978 3535 1114 3576 summa
1135 3535 1213 3576 cum
1234 3517 1339 3578 laude
1360 3517 1547 3599 gymnasio
1574 3526 1609 3579 et
1633 3517 1811 3597 professo-

977 3656 1054 3697 rum
1071 3637 1222 3718 collegio
1236 3637 1400 3717 praefuit.
1424 3639 1465 3699 In
1481 3638 1612 3719 linguis
1630 3648 1666 3700 et
1681 3639 1810 3702 litteris

978 3759 1188 3838 populorum
1202 3757 1459 3838 Semiticorum,
1477 3759 1687 3839 praesertim
1701 3758 1810 3842 Syro-

977 3899 1063 3959 rum,
1081 3879 1342 3961 investigandis
1358 3852 1537 3943 assiduam
1554 3882 1742 3944 collocavit
1759 3883 1810 3944 in·

979 4001 1160 4064 dustriam.
1185 4000 1303 4081 Quare
1320 4002 1464 4064 ineunte
1480 4023 1573 4065 anno
1591 4008 1668 4066 1862
1688 4024 1709 4065 a
1725 4007 1810 4066 bea-

979 4123 1115 4185 tissimo
1131 4124 1240 4185 Patre
1256 4124 1322 4185 Pio
1336 4124 1402 4185 IX.
1420 4125 1573 4187 Romam
1590 4137 1646 4188 est
1662 4136 1811 4189 vocatus

980 4246 1099 4325 ibique
1131 4245 1166 4306 in
1197 4246 1485 4328 archigymnasio
1514 4245 1714 4328 (Sapienza)
1747 4267 1812 4328 per

980 4376 1118 4448 septem
1128 4367 1245 4447 spatia
1254 4367 1440 4429 semestria
1451 4368 1609 4451 linguam
1619 4368 1811 4431 Arabicam

980 4488 1124 4569 publiea
1137 4489 1349 4550 auctoritate
1362 4489 1518 4551 tradidit.
1536 4488 1608 4553 Sed
1622 4511 1700 4552 cum
1710 4491 1810 4553 caelo

63 4616 124 4672 den
141 4618 241 4689 einzig
258 4616 396 4671 sleheren
414 4616 493 4689 Weg
510 4635 575 4670 zum
592 4616 731 4671 Himmel.
754 4611 783 4694 (i.
798 4633 824 4670 e.
839 4614 901 4669 De·
980 4610 1146 4672 Romano
1160 4611 1373 4672 adsuescere
1390 4630 1459 4673 non
1476 4621 1608 4693 posset,
1627 4614 1672 4673 ad
1688 4632 1811 4675 mona·

65 4733 254 4777 ¹1¹⁰¹¹⁸tsat¹¹s
280 4722 359 4775 viam
390 4719 426 4774 ad
456 4720 573 4776 coelum
604 4738 660 4794 pes
687 4719 781 4775 ⁵0¹²m
814 4717 901 4774 fidem
981 4732 1127 4794 sterium
1141 4753 1241 4794 suum
1253 4752 1418 4795 reversus
1431 4753 1472 4795 ac
1485 4733 1680 4814 subprioris
1696 4732 1811 4814 digni-

62 4822 204 4903 aperiri.)
229 4824 313 4891 Linz,
336 4824 362 4899 J.
389 4822 546 4880 Huemer's
571 4824 691 4881 Witwe.
721 4823 811 4895 1850.
841 4830 900 4879 12⁰·

64 4945 107 5003 50
125 4949 197 5006 pag·

152 5051 264 5107 XXIX.
293 5052 505 5107 Katechismus
530 5050 584 5106 der
609 5049 667 5105 den
691 5062 792 5105 ersten
816 5049 900 5105 Men·

63 5159 159 5214 schen
182 5155 230 5212 bis
251 5156 305 5211 aus
323 5157 434 5212 Christi
456 5154 575 5211 Geburt
598 5153 776 5230 gegebenen
798 5152 901 5209 Offen-

62 5262 222 5336 barungen
236 5261 355 5316 Gottes.
373 5258 402 5339 (i.
418 5280 444 5316 e.
461 5260 669 5316 Catechismus
683 5259 900 5314 revelationum

981 4862 1055 4917 tate
1072 4864 1217 4916 ornatus
1231 4855 1401 4934 usquead
1419 4857 1498 4932 1878
1513 4853 1659 4916 clericos
1672 4864 1811 4916 nostros

982 4969 1202 5058 theologicas
1228 4974 1348 5037 docuit
1371 4974 1588 5057 disciplinas.
1617 4975 1720 5037 Votis
1743 4975 1812 5036 sol·

981 5097 1155 5159 lemnibus
1173 5102 1223 5159 28.
1234 5096 1313 5159 Oct.
1329 5101 1407 5174 1872
1425 5096 1606 5157 renovatis
1623 5095 1811 5157 iubilaeum

982 5219 1204 5281 sacerdotale
1223 5223 1251 5281 ὁ.
1269 5218 1356 5299 Apr.
1380 5222 1460 5296 1874
1481 5216 1698 5279 sollemniter
1720 5216 1812 5278 eele-

63 5369 122 5424 Dei
140 5364 313 5422 hominibus
331 5383 427 5440 usque
443 5363 481 5419 ad
494 5363 605 5420 Christi
618 5365 803 5419 nativitatem
815 5376 900 5438 pate·
980 5341 1108 5404 bl‘aVst·
1132 5340 1201 5403 HIC
1218 5339 1272 5402 Vis
1288 5350 1421 5421 quanta
1441 5339 1510 5401 Sibi
1531 5338 1656 5400 merila
1680 5339 1725 5399 de
1748 5358 1812 5419 Pu·

61 5466 235 5548 factarum.)
252 5485 268 5525 2
287 5469 404 5525 Theile.
422 5469 506 5535 Linz,
529 5466 620 5539 1850.
638 5466 680 5524 80.

981 5463 1074 5525 blica
1090 5462 1257 5524 iuvenum
1279 5462 1500 5525 institutione
1526 5470 1562 5522 et
1585 5461 1630 5522 de
1654 5459 1812 5522 humani-

1547 5564 1579 5626 67
1588 5564 1602 5590 0
