4034 6262
877 463 1132 548 -36-

134 674 280 738 diorum.
298 672 368 734 Per
379 672 488 732 breve
501 677 643 750 tempus
654 667 796 750 peregit
808 655 963 729 officium

134 815 275 879 quoque
287 790 567 856 viee-secretarii
579 789 880 874 congregationis.
889 788 963 850 An·

133 937 180 981 no
194 920 273 997 1839
288 915 416 979 missus
425 924 480 977 est
490 911 834 993 Constantinopolim
847 908 964 973 officio

132 1039 318 1102 functurus
329 1036 542 1120 professoris
555 1035 590 1096 in
604 1033 755 1116 collegio
768 1031 964 1095 Mechitha-

132 1161 298 1224 ristarum
310 1158 575 1223 Viennensium.
598 1157 685 1220 Post
701 1155 836 1237 aliquot
852 1162 981 1215 annosa

133 1282 346 1346 missionarii
365 1280 552 1364 apostolici
572 1298 698 1343 munus
716 1295 857 1359 quoque
874 1260 964 1337 acei-

134 1403 246 1485 pienS,
262 1405 388 1467 eodem
402 1405 448 1466 ad
460 1403 667 1465 hodiernum
685 1399 778 1463 diem
794 1396 963 1480 fungitur.

221 1527 343 1610 Opera
356 1527 431 1589 eius
443 1526 478 1588 in
491 1525 613 1607 lingua
621 1523 859 1586 Neo-armena
867 1516 965 1602 typis

135 1649 246 1713 edita:

221 1775 244 1831 1.
264 1771 469 1851 lnbumffl,
493 1773 511 1828 i.
525 1789 551 1827 e.
566 1768 732 1835 Elisabeth,
749 1766 883 1823 narratio
901 1781 965 1819 mo·

134 1880 205 1937 ralis
230 1875 449 1957 (romanensis),
475 1896 511 1932 ex
536 1873 722 1951 temporibus
745 1873 876 1947 equiturn
899 1888 966 1925 eru·

135 1984 304 2042 citerorum.
326 1982 439 2039 Libera
454 1981 556 2037 versio
572 1998 609 2035 ex
627 1979 696 2053 ling.
714 1975 858 2033 German.
874 1974 965 2031 Vien-

134 2107 200 2158 nae,
218 2090 298 2165 typis
313 2087 453 2144 Mechith.
476 2083 566 2158 1858.

221 2193 257 2249 11.
276 2189 507 2272 tnmmbippat
526 2186 585 2260 <pt
599 2190 707 2260 11111,
721 2186 820 2259 temp,
839 2186 856 2240 i.
870 2201 897 2240 e.
912 2183 965 2237 Hi·

134 2299 228 2355 storia
242 2298 354 2353 veteris
367 2309 397 2351 et
409 2296 479 2351 noti
494 2293 636 2360 foederis,
651 2293 678 2346 in
693 2308 779 2346 usum
792 2288 964 2345 inferiorum

134 2402 315 2458 scholarum.
331 2401 474 2464 Viennae,
492 2399 571 2473 typis
586 2394 727 2452 Mechith.
748 2391 838 2450 1860.

221 2505 273 2561 111.
299 2500 611 2582 βημμῇηιρριὶ
633 2496 873 2575 ψηιβιωὶθ,
897 2497 915 2552 i.
938 2514 964 2551 e.

133 2610 350 2686 Compendium
371 2608 418 2664 vel
440 2625 556 2663 summa
581 2605 773 2661 scientiarum
795 2615 826 2658 et
846 2602 963 2657 artium.

133 2715 276 2783 Viennae,
294 2715 374 2789 typis
389 2710 529 2768 Mechith.
550 2707 642 2766 1861.

221 2819 271 2875 IV.
285 2817 481 2892 uhfflwhdb
488 2811 740 2889 ffiftbppnwhe,
754 2811 772 2866 i.
787 2829 814 2867 e.
824 2808 965 2866 Selectae

134 2924 281 2979 lectiones
298 2924 326 2977 in
342 2922 412 2995 ling.
423 2920 540 2976 Gallica
557 2931 587 2974 et
599 2918 811 2984 Neo-armena,
829 2933 895 2971 curn
913 2914 964 2969 de·

135 3027 299 3083 claratione
316 3027 445 3081 omnium
462 3041 560 3100 prope
580 3020 797 3078 vocabulorum
817 3019 855 3074 ad
876 3017 964 3075 facile

136 3129 327 3207 intelligenda
351 3143 381 3186 et
400 3127 546 3208 vertenda
567 3128 680 3201 scripta
701 3126 730 3180 in
750 3124 821 3198 ling.
838 3121 917 3179 Gall.
934 3135 965 3178 et

134 3235 257 3292 Armen.
275 3235 418 3300 Viennae,
435 3233 515 3308 typis
531 3229 671 3286 Mechith.
694 3225 783 3302 1872.

218 3344 525 3422 Caracaschian
549 3354 759 3417 blathias
787 3351 964 3436 (Mechi-

134 3475 343 3557 tharista),
369 3473 677 3556 Constantinopoli
703 3474 760 3537 die
788 3496 835 3539 11.
858 3473 963 3536 Febr.

139 3600 219 3661 1818
232 3607 347 3677 natus,
359 3596 521 3658 Viennae
538 3595 572 3659 in
585 3596 705 3659 Austr.
722 3596 846 3659 habitu
862 3616 889 3659 s.
907 3595 965 3659 die

139 3740 185 3782 10.
199 3719 287 3801 Apr.
305 3722 383 3780 1835
403 3718 556 3798 indutus,
571 3718 627 3780 die
641 3722 669 3780 8.
682 3717 769 3781 Dec.
788 3722 868 3780 1836
880 3727 966 3780 vota

134 3841 251 3905 emisit
267 3853 304 3904 et
325 3840 382 3903 die
408 3862 433 3902 1.
454 3840 543 3903 Nov.
566 3844 647 3918 1840
663 3850 892 3903 consecratus
910 3850 965 3903 est

134 3967 333 4047 presbyter.
348 3963 388 4026 In
400 3963 614 4026 monasterio
624 3962 744 4024 docuit
755 3962 912 4044 linguam
922 3981 964 4024 ac

133 4087 351 4150 literaturam
373 4085 558 4149 classicam
575 4085 769 4147 Armenam
791 4096 828 4147 et
847 4084 965 4147 studia

134 4207 349 4271 humaniora.
363 4208 470 4270 Anno
487 4212 567 4286 1849
581 4207 709 4270 missus
723 4218 778 4270 est
792 4205 964 4270 Constan-

135 4330 329 4411 tinopolim.

222 4450 343 4533 Opera
367 4452 442 4514 eius
467 4452 501 4513 in
528 4451 650 4534 lingua
669 4450 964 4512 Palae0·armena

136 4574 232 4656 typis
249 4574 359 4636 edita:
1002 4616 1005 4677 ,

223 4699 245 4754 1.
258 4702 465 4779 geminem,
476 4704 537 4776 if,
537 4727 567 4778 4,
579 4703 660 4779 7....1.
671 4699 847 4774 7757911.
860 4698 964 4753 Ludo-
1003 4682 1005 4707 '

136 4804 193 4857 rici
211 4803 338 4859 Recine:
357 4806 466 4861 Poime
483 4806 520 4861 de
537 4806 564 4860 la
581 4805 721 4878 religion;
739 4805 840 4859 versio
857 4805 884 4858 in
898 4822 965 4858 rer·

137 4925 188 4960 sus
210 4907 485 4977 Palam-armenos
510 4929 575 4964 cum
595 4907 850 4964 adnotationibus·
875 4908 965 4963 Vien-

138 5027 203 5073 nae,
221 5024 282 5084 typ.
300 5011 439 5067 hlechith.
461 5012 550 5084 1842.
1004 5014 1006 5019 '

225 5113 262 5167 ll.
279 5114 656 5189 ypupmmempwmpatmn
667 5120 821 5191 mentham,
836 5120 853 5172 i.
867 5136 893 5172 e.
908 5117 966 5173 Ars

139 5214 288 5270 rhetorica
302 5217 443 5272 Armena.
460 5220 601 5287 Viennae,
620 5222 698 5295 typis
715 5221 854 5276 Mechith.
876 5220 965 5292 1844.

226 5317 278 5372 ffl-
287 5320 474 5393 ‘lrlml'th't'
491 5324 630 5395 ntuswltp,
648 5326 665 5378 i.
678 5343 704 5380 c.
718 5325 854 5379 Historia
867 5323 966 5378 litera·

141 5433 225 5472 turae
242 5422 427 5477 universalis,
448 5425 590 5493 Viennae,
612 5429 691 5502 typis
712 5428 853 5483 Mechith.
876 5426 964 5500 1845.

1130 656 1357 752 Casparian
1371 669 1505 732 Minas
1515 670 1824 755 (Mechitharista).

1043 785 1185 848 Artuini
1206 784 1241 848 in
1262 785 1434 851 Armenia
1453 789 1574 852 maiori
1594 798 1703 854 natus.
1728 791 1779 854 Est
1793 812 1824 855 ex

1043 927 1187 971 numero
1211 928 1331 972 eorum
1354 919 1494 992 patrum
1514 911 1824 995 Mechitharistarum,

1044 1031 1104 1112 qui
1120 1051 1213 1095 anno
1234 1037 1312 1112 1773
1327 1032 1489 1096 Venetiis
1506 1035 1755 1117 emigraverunt
1765 1034 1826 1098 let·

1043 1162 1157 1235 geste.

1132 1272 1254 1355 Opera
1270 1274 1346 1337 eius
1363 1275 1459 1359 typis
1475 1278 1657 1339 mandata:

1129 1399 1153 1456 1.
1166 1399 1271 1475 ‘'s-pb
1283 1399 1520 1477 ςυΐαμῑψὶ
1530 1403 1699 1475 apale-fi,
1710 1404 1726 1458 i.
1738 1401 1827 1477 e.0pus

1044 1504 1272 1570 arithmeticum,
1293 1523 1373 1561 novo
1396 1506 1537 1562 methodo
1561 1508 1750 1582 conscriptum
1766 1524 1827 1581 prae·

1045 1609 1133 1682 cipue
1146 1609 1174 1664 in
1188 1627 1272 1664 usum
1287 1624 1487 1666 mercatorum
1505 1623 1563 1666 etc.
1580 1609 1730 1667 Armenice
1740 1609 1828 1666 etTur·

1045 1713 1119 1779 eice,
1136 1715 1309 1789 separatim.
1327 1714 1479 1789 Tergesti,
1497 1715 1577 1790 typis
1593 1714 1725 1771 Mechith.
1742 1711 1809 1786 1787.

1130 1817 1169 1873 11.
1181 1817 1713 1897 timetewtltta-··l·strttn
1731 1817 1828 1873 teto

1044 1919 1170 1977 bertson
1186 1920 1290 1997 Angli:
1308 1922 1442 1979 Historia
1458 1923 1626 1991 Americae,
1643 1924 1735 1978 versio
1746 1923 1769 1977 in
1780 1921 1828 1994 ling.

1045 2025 1323 2082 Palaeo-armenam
1341 2046 1407 2083 cum
1423 2025 1621 2083 vocabulario
1642 2026 1720 2083 brevi
1734 2041 1829 2100 geogra-

1045 2129 1307 2204 phico-historico
1333 2130 1372 2187 ab
1395 2133 1462 2206 ipso
1487 2131 1668 2187 translatore
1687 2130 1829 2203 conscripto.

1046 2249 1062 2290 2
1080 2234 1140 2290 vol.
1159 2234 1311 2308 Tergesti,
1329 2236 1408 2311 typis
1424 2235 1564 2292 Mechith.
1587 2233 1676 2309 1786.

1133 2360 1380 2455 Casparides
1407 2375 1573 2437 Paulus
1603 2372 1829 2439 Vincentius

1046 2489 1417 2575 (Raigradiensis),
1457 2494 1614 2557 Boemus
1651 2489 1830 2557 Polickensis

1044 2621 1149 2674 natus
1170 2633 1220 2675 21.
1242 2613 1315 2676 Ian.
1342 2619 1432 2697 1776,
1458 2616 1585 2678 studiis
1608 2613 1831 2680 humanioribus

1045 2736 1079 2799 in
1096 2737 1172 2799 solo
1185 2736 1294 2799 natali
1307 2738 1490 2821 absolutis
1507 2758 1586 2818 1792
1602 2738 1797 2803 Olomucium
1808 2732 1831 2795 in

1044 2857 1242 2921 Moraviam
1258 2877 1297 2921 se
1314 2859 1463 2922 contulit
1482 2862 1529 2923 ad
1550 2861 1764 2924 ediscendam
1780 2853 1832 2939 phi·

1043 2979 1251 3063 losophiam,
1261 2983 1357 3062 quod
1368 2982 1512 3045 biennio
1526 2984 1693 3048 eminenti
1702 3003 1769 3046 cum
1779 2996 1832 3041 suc·

1043 3122 1146 3165 cessu
1174 3102 1334 3185 perfecit.
1372 3104 1511 3169 Exinde
1538 3108 1585 3169 ad
1610 3104 1832 3189 Raigradiense

1043 3225 1148 3307 petiit
1167 3226 1301 3308 suscipi
1322 3228 1540 3310 coenobium,
1563 3238 1600 3292 et
1620 3231 1685 3292 sub
1701 3227 1832 3292 Othnaro

1043 3348 1248 3430 praeposito
1262 3353 1312 3411 3ο.
1326 3350 1414 3414 Nov.
1430 3370 1511 3429 1794
1524 3353 1729 3414 monachum
1743 3343 1832 3421 induit,

1044 3471 1177 3533 Paulus
1204 3482 1363 3535 vocatus
1396 3472 1453 3536 Ob
1476 3473 1577 3537 varia
1599 3485 1781 3556 temporum
1799 3467 1832 3527 in·

1043 3592 1200 3657 fortunia
1218 3594 1416 3657 tirocinium
1436 3614 1501 3676 per
1522 3596 1611 3659 du'os
1632 3617 1737 3660 annos
1754 3585 1832 3657 conti·

1044 3736 1153 3780 nuare
1177 3728 1323 3780 coactus
1345 3719 1391 3780 ad
1413 3716 1519 3781 finem
1542 3719 1708 3783 Octobris
1729 3720 1832 3781 denum

1049 3844 1128 3919 1796
1152 3839 1327 3901 Viennam
1354 3839 1505 3903 mittitur
1528 3843 1574 3904 ad
1598 3841 1716 3904 studia
1735 3832 1832 3904 theolo

1043 3961 1126 4044 gica
1164 3960 1363 4024 inchoanda
1399 3961 1519 4043 ibique
1553 3963 1787 4045 Dannemayer
1810 3959 1833 4012 tt

1044 4084 1135 4162 Jahn
1159 4083 1422 4164 professoribus
1450 4085 1635 4149 historiam
1660 4072 1833 4150 ecclesiasti·

1044 4226 1121 4269 cam
1138 4215 1174 4268 et
1190 4205 1405 4268 biblisticam
1418 4208 1579 4288 perenni
1595 4203 1784 4272 scholastici
1795 4197 1835 4260 de·

1044 4348 1194 4409 cursum,
1224 4332 1435 4407 1797-1800
1461 4349 1547 4392 vero
1571 4330 1713 4413 Pragae
1734 4331 1836 4392 ceteras

1044 4450 1251 4533 disciplinas
1268 4452 1489 4534 theologicas
1510 4453 1682 4518 eminenti
1702 4461 1838 4517 1111115111ι

1044 4593 1147 4637 cessu
1169 4573 1305 4636 audivit
1324 4583 1431 4655 atque
1453 4574 1488 4636 in
1512 4576 1668 4658 regulari
1688 4570 1844 4658 disciplina

1044 4698 1141 4776 apud
1149 4695 1222 4758 ΡΡ.
1232 4694 1456 4777 Augustinos
1471 4696 1639 4759 habitans
1653 4698 1782 4779 optime
1792 4713 1848 4758 ver·

1045 4829 1144 4881 satus
1157 4828 1222 4880 est.
1243 4818 1430 4880 Absolutis
1443 4817 1504 4899 sic,
1522 4819 1662 4881 cunctis
1676 4822 1856 4902 adproban-

1045 4940 1150 5020 tibus,
1172 4940 1298 5002 studiis
1316 4940 1398 5020 suis,
1423 4941 1571 5002 obtenta
1587 4941 1688 5022 prius
1709 4945 1755 5005 ob
1776 4964 1861 5026 prae·

1046 5062 1160 5121 claros
1194 5080 1406 5141 progressus
1436 5061 1581 5124 licentia
1616 5065 1715 5126 domi
1746 5069 1870 5133 theolo-

1046 5183 1142 5264 giam
1166 5184 1334 5244 moralem
1355 5193 1391 5246 et
1411 5185 1630 5265 pastoralem
1654 5192 1807 5254 secundi
1827 5213 1873 5256 se·

1046 5305 1186 5367 mestris
1210 5305 1377 5385 privatim
1402 5307 1576 5390 discendi,
1602 5308 1826 5392 Casparides
1848 5319 1873 5381 ir

1045 5425 1137 5490 festo
1161 5446 1188 5489 5.
1212 5425 1396 5489 Trinitatis
1419 5432 1461 5511 (8.
1480 5430 1568 5511 Iun.)
1599 5435 1683 5495 1800
1699 5437 1800 5501 votis
1820 5443 1873 5505 sol
