<?xml version="1.0" encoding="UTF-8"?>
<!DOCTYPE html PUBLIC "-//W3C//DTD XHTML 1.0 Transitional//EN"
    "http://www.w3.org/TR/xhtml1/DTD/xhtml1-transitional.dtd">
<html xmlns="http://www.w3.org/1999/xhtml" xml:lang="en" lang="en">
 <head>
  <title>
</title>
<meta http-equiv="Content-Type" content="text/html;charset=utf-8" />
  <meta name='ocr-system' content='tesseract 3.04.00' />
  <meta name='ocr-capabilities' content='ocr_page ocr_carea ocr_par ocr_line ocrx_word'/>
</head>
<body>
  <div class='ocr_page' id='page_1' title='image "./scriptoresordin00benegoog_0052.png"; bbox 0 0 4088 6270; ppageno 0'>
   <div class='ocr_carea' id='block_1_1' title="bbox 744 478 1096 539">
    <p class='ocr_par' dir='ltr' id='par_1_1' title="bbox 744 478 1096 539">
     <span class='ocr_line' id='line_1_1' title="bbox 744 478 1096 539; baseline 0 0"><span class='ocrx_word' id='word_1_1' title='bbox 744 515 786 523; x_wconf 90' lang='lat'>—</span> <span class='ocrx_word' id='word_1_2' title='bbox 832 478 1009 539; x_wconf 86' lang='lat' dir='ltr'>XXXIX</span> <span class='ocrx_word' id='word_1_3' title='bbox 1056 515 1096 525; x_wconf 60' lang='lat'><strong>»-</strong></span> 
     </span>
    </p>
   </div>
   <div class='ocr_carea' id='block_1_2' title="bbox 60 703 1786 4527">
    <p class='ocr_par' dir='ltr' id='par_1_2' title="bbox 60 703 1786 1893">
     <span class='ocr_line' id='line_1_2' title="bbox 63 703 1786 787; baseline 0.002 -22"><span class='ocrx_word' id='word_1_4' title='bbox 63 704 191 765; x_wconf 86' lang='lat' dir='ltr'><strong>fortuna</strong></span> <span class='ocrx_word' id='word_1_5' title='bbox 207 703 434 767; x_wconf 90' lang='lat' dir='ltr'><strong>Uhercicium</strong></span> <span class='ocrx_word' id='word_1_6' title='bbox 451 704 701 786; x_wconf 84' lang='lat' dir='ltr'>praepositura</span> <span class='ocrx_word' id='word_1_7' title='bbox 724 725 789 767; x_wconf 89' lang='lat' dir='ltr'><strong>usa</strong></span> <span class='ocrx_word' id='word_1_8' title='bbox 812 714 877 769; x_wconf 92' lang='lat' dir='ltr'><strong>est.</strong></span> <span class='ocrx_word' id='word_1_9' title='bbox 912 704 1051 785; x_wconf 88' lang='lat' dir='ltr'><strong>Petrus,</strong></span> <span class='ocrx_word' id='word_1_10' title='bbox 1075 704 1218 767; x_wconf 91' lang='lat' dir='ltr'><strong>ultimus</strong></span> <span class='ocrx_word' id='word_1_11' title='bbox 1243 705 1366 786; x_wconf 88' lang='lat' dir='ltr'><strong>abbas,</strong></span> <span class='ocrx_word' id='word_1_12' title='bbox 1390 704 1627 787; x_wconf 86' lang='lat' dir='ltr'><strong>Raigradium</strong></span> <span class='ocrx_word' id='word_1_13' title='bbox 1648 724 1686 767; x_wconf 90' lang='lat' dir='ltr'><strong>se</strong></span> <span class='ocrx_word' id='word_1_14' title='bbox 1703 725 1786 768; x_wconf 88' lang='lat' dir='ltr'><strong>con-</strong></span> 
     </span>
     <span class='ocr_line' id='line_1_3' title="bbox 61 842 1784 924; baseline 0.001 -19"><span class='ocrx_word' id='word_1_15' title='bbox 61 842 128 905; x_wconf 93' lang='lat' dir='ltr'><strong>tulit</strong></span> <span class='ocrx_word' id='word_1_16' title='bbox 150 842 273 922; x_wconf 84' lang='lat' dir='ltr'>ibique</span> <span class='ocrx_word' id='word_1_17' title='bbox 302 846 378 920; x_wconf 67' lang='grc'>1541</span> <span class='ocrx_word' id='word_1_18' title='bbox 413 851 572 905; x_wconf 88' lang='lat' dir='ltr'><strong>mortuus</strong></span> <span class='ocrx_word' id='word_1_19' title='bbox 603 853 657 906; x_wconf 92' lang='lat' dir='ltr'><strong>est</strong></span> <span class='ocrx_word' id='word_1_20' title='bbox 674 845 706 924; x_wconf 87' lang='lat'><strong>¹).</strong></span> <span class='ocrx_word' id='word_1_21' title='bbox 752 843 964 906; x_wconf 92' lang='lat' dir='ltr'><strong>Presticium</strong></span> <span class='ocrx_word' id='word_1_22' title='bbox 995 862 1099 924; x_wconf 89' lang='lat' dir='ltr'><strong>vero,</strong></span> <span class='ocrx_word' id='word_1_23' title='bbox 1132 844 1227 923; x_wconf 93' lang='lat' dir='ltr'><strong>quod</strong></span> <span class='ocrx_word' id='word_1_24' title='bbox 1259 842 1390 907; x_wconf 91' lang='lat' dir='ltr'><strong>virtute</strong></span> <span class='ocrx_word' id='word_1_25' title='bbox 1420 845 1672 906; x_wconf 88' lang='lat' dir='ltr'><strong>monachorum</strong></span> <span class='ocrx_word' id='word_1_26' title='bbox 1705 844 1784 908; x_wconf 88' lang='lat' dir='ltr'><strong>Cla-</strong></span> 
     </span>
     <span class='ocr_line' id='line_1_4' title="bbox 62 980 1785 1065; baseline 0.002 -22"><span class='ocrx_word' id='word_1_27' title='bbox 62 980 292 1044; x_wconf 89' lang='lat' dir='ltr'><strong>drubiensium</strong></span> <span class='ocrx_word' id='word_1_28' title='bbox 322 1002 393 1044; x_wconf 88' lang='lat' dir='ltr'><strong>una</strong></span> <span class='ocrx_word' id='word_1_29' title='bbox 424 1002 502 1044; x_wconf 89' lang='lat' dir='ltr'><strong>curn</strong></span> <span class='ocrx_word' id='word_1_30' title='bbox 536 983 670 1064; x_wconf 89' lang='lat' dir='ltr'><strong>oppido</strong></span> <span class='ocrx_word' id='word_1_31' title='bbox 705 983 862 1046; x_wconf 89' lang='lat' dir='ltr'><strong>eiusdem</strong></span> <span class='ocrx_word' id='word_1_32' title='bbox 894 983 1045 1045; x_wconf 92' lang='lat' dir='ltr'><strong>nominis</strong></span> <span class='ocrx_word' id='word_1_33' title='bbox 1077 1003 1122 1044; x_wconf 85' lang='lat' dir='ltr'><strong>ex</strong></span> <span class='ocrx_word' id='word_1_34' title='bbox 1154 982 1272 1045; x_wconf 92' lang='lat' dir='ltr'><strong>cinere</strong></span> <span class='ocrx_word' id='word_1_35' title='bbox 1308 991 1569 1064; x_wconf 83' lang='lat' dir='ltr'><strong>resurrexerat,</strong></span> <span class='ocrx_word' id='word_1_36' title='bbox 1609 988 1688 1062; x_wconf 81' lang='lat'>1578</span> <span class='ocrx_word' id='word_1_37' title='bbox 1720 1004 1785 1065; x_wconf 93' lang='lat' dir='ltr'><strong>per</strong></span> 
     </span>
     <span class='ocr_line' id='line_1_5' title="bbox 60 1118 1783 1203; baseline 0.001 -21"><span class='ocrx_word' id='word_1_38' title='bbox 60 1120 279 1201; x_wconf 90' lang='lat' dir='ltr'><strong>Rudolphum</strong></span> <span class='ocrx_word' id='word_1_39' title='bbox 297 1120 340 1182; x_wconf 94' lang='lat' dir='ltr'><strong>II.</strong></span> <span class='ocrx_word' id='word_1_40' title='bbox 365 1120 616 1200; x_wconf 86' lang='lat' dir='ltr'><strong>imperatorem</strong></span> <span class='ocrx_word' id='word_1_41' title='bbox 639 1120 849 1183; x_wconf 90' lang='lat' dir='ltr'><strong>dissolutum</strong></span> <span class='ocrx_word' id='word_1_42' title='bbox 874 1133 937 1183; x_wconf 90' lang='lat' dir='ltr'><strong>est.</strong></span> <span class='ocrx_word' id='word_1_43' title='bbox 970 1119 1137 1182; x_wconf 88' lang='lat' dir='ltr'><strong>Orlaviae</strong></span> <span class='ocrx_word' id='word_1_44' title='bbox 1155 1118 1319 1202; x_wconf 85' lang='lat' dir='ltr'><strong>denique,</strong></span> <span class='ocrx_word' id='word_1_45' title='bbox 1343 1119 1494 1183; x_wconf 88' lang='lat' dir='ltr'><strong>Silesiae</strong></span> <span class='ocrx_word' id='word_1_46' title='bbox 1518 1122 1656 1203; x_wconf 93' lang='lat' dir='ltr'><strong>potenti</strong></span> <span class='ocrx_word' id='word_1_47' title='bbox 1674 1122 1783 1183; x_wconf 90' lang='lat' dir='ltr'><strong>abba-</strong></span> 
     </span>
     <span class='ocr_line' id='line_1_6' title="bbox 60 1258 1782 1340; baseline 0.001 -19"><span class='ocrx_word' id='word_1_48' title='bbox 60 1259 127 1338; x_wconf 83' lang='lat' dir='ltr'><strong>tiae,</strong></span> <span class='ocrx_word' id='word_1_49' title='bbox 151 1259 203 1321; x_wconf 88' lang='lat' dir='ltr'><strong>ira</strong></span> <span class='ocrx_word' id='word_1_50' title='bbox 224 1258 431 1321; x_wconf 88' lang='lat' dir='ltr'><strong>Wenzeslai</strong></span> <span class='ocrx_word' id='word_1_51' title='bbox 451 1259 580 1322; x_wconf 87' lang='lat' dir='ltr'><strong>Adami</strong></span> <span class='ocrx_word' id='word_1_52' title='bbox 597 1260 804 1322; x_wconf 88' lang='lat' dir='ltr'><strong>Teschenae</strong></span> <span class='ocrx_word' id='word_1_53' title='bbox 829 1259 939 1340; x_wconf 89' lang='lat' dir='ltr'><strong>ducis,</strong></span> <span class='ocrx_word' id='word_1_54' title='bbox 965 1280 1070 1340; x_wconf 92' lang='lat' dir='ltr'><strong>quam</strong></span> <span class='ocrx_word' id='word_1_55' title='bbox 1087 1260 1251 1322; x_wconf 85' lang='lat' dir='ltr'><strong>Andreas</strong></span> <span class='ocrx_word' id='word_1_56' title='bbox 1276 1259 1484 1321; x_wconf 90' lang='lat' dir='ltr'><strong>Burczinski</strong></span> <span class='ocrx_word' id='word_1_57' title='bbox 1509 1260 1622 1321; x_wconf 89' lang='lat' dir='ltr'><strong>abbas</strong></span> <span class='ocrx_word' id='word_1_58' title='bbox 1646 1260 1782 1322; x_wconf 85' lang='lat' dir='ltr'><strong>excita-</strong></span> 
     </span>
     <span class='ocr_line' id='line_1_7' title="bbox 61 1397 1782 1479; baseline 0.001 -23"><span class='ocrx_word' id='word_1_59' title='bbox 61 1408 146 1459; x_wconf 79' lang='lat' dir='ltr'><strong>verat</strong></span> <span class='ocrx_word' id='word_1_60' title='bbox 161 1416 205 1458; x_wconf 89' lang='lat' dir='ltr'><strong>ea</strong></span> <span class='ocrx_word' id='word_1_61' title='bbox 228 1416 277 1476; x_wconf 94' lang='lat' dir='ltr'><strong>re,</strong></span> <span class='ocrx_word' id='word_1_62' title='bbox 303 1399 397 1478; x_wconf 92' lang='lat' dir='ltr'><strong>quod</strong></span> <span class='ocrx_word' id='word_1_63' title='bbox 420 1397 565 1460; x_wconf 90' lang='lat' dir='ltr'><strong>iniurias</strong></span> <span class='ocrx_word' id='word_1_64' title='bbox 588 1398 823 1461; x_wconf 88' lang='lat' dir='ltr'>multitudinis</span> <span class='ocrx_word' id='word_1_65' title='bbox 846 1398 1025 1460; x_wconf 86' lang='lat' dir='ltr'><strong>fanaticae</strong></span> <span class='ocrx_word' id='word_1_66' title='bbox 1050 1398 1265 1460; x_wconf 90' lang='lat' dir='ltr'><strong>monasteria</strong></span> <span class='ocrx_word' id='word_1_67' title='bbox 1289 1397 1511 1460; x_wconf 86' lang='lat' dir='ltr'><strong>devastantis</strong></span> <span class='ocrx_word' id='word_1_68' title='bbox 1537 1398 1581 1459; x_wconf 92' lang='lat' dir='ltr'><strong>de</strong></span> <span class='ocrx_word' id='word_1_69' title='bbox 1606 1407 1782 1479; x_wconf 86' lang='lat' dir='ltr'><strong>suggestu</strong></span> 
     </span>
     <span class='ocr_line' id='line_1_8' title="bbox 62 1535 1782 1616; baseline 0.002 -21"><span class='ocrx_word' id='word_1_70' title='bbox 62 1554 147 1596; x_wconf 84' lang='lat' dir='ltr'><strong>sacro</strong></span> <span class='ocrx_word' id='word_1_71' title='bbox 171 1536 420 1616; x_wconf 86' lang='lat' dir='ltr'><strong>adcusaverat,</strong></span> <span class='ocrx_word' id='word_1_72' title='bbox 449 1541 530 1599; x_wconf 76' lang='lat'>1560</span> <span class='ocrx_word' id='word_1_73' title='bbox 560 1535 670 1599; x_wconf 86' lang='lat' dir='ltr'><strong>exitio</strong></span> <span class='ocrx_word' id='word_1_74' title='bbox 699 1538 824 1616; x_wconf 82' lang='lat' dir='ltr'><strong>erat2).</strong></span> <span class='ocrx_word' id='word_1_75' title='bbox 870 1536 1017 1598; x_wconf 84' lang='lat' dir='ltr'><strong>Frustra</strong></span> <span class='ocrx_word' id='word_1_76' title='bbox 1048 1536 1210 1598; x_wconf 92' lang='lat' dir='ltr'><strong>monachi</strong></span> <span class='ocrx_word' id='word_1_77' title='bbox 1233 1536 1461 1598; x_wconf 88' lang='lat' dir='ltr'><strong>Tiniczenses</strong></span> <span class='ocrx_word' id='word_1_78' title='bbox 1496 1536 1782 1599; x_wconf 88' lang='lat' dir='ltr'><strong>intercesserunt.</strong></span> 
     </span>
     <span class='ocr_line' id='line_1_9' title="bbox 63 1672 1782 1756; baseline 0.001 -23"><span class='ocrx_word' id='word_1_79' title='bbox 63 1672 162 1752; x_wconf 87' lang='lat' dir='ltr'><strong>Ipsius</strong></span> <span class='ocrx_word' id='word_1_80' title='bbox 185 1673 411 1753; x_wconf 90' lang='lat' dir='ltr'><strong>imperatoris</strong></span> <span class='ocrx_word' id='word_1_81' title='bbox 435 1675 628 1738; x_wconf 90' lang='lat' dir='ltr'><strong>auctoritas</strong></span> <span class='ocrx_word' id='word_1_82' title='bbox 657 1696 726 1740; x_wconf 91' lang='lat' dir='ltr'><strong>non</strong></span> <span class='ocrx_word' id='word_1_83' title='bbox 755 1685 892 1738; x_wconf 91' lang='lat' dir='ltr'><strong>tantum</strong></span> <span class='ocrx_word' id='word_1_84' title='bbox 915 1675 1043 1756; x_wconf 90' lang='lat' dir='ltr'><strong>valuit,</strong></span> <span class='ocrx_word' id='word_1_85' title='bbox 1076 1686 1114 1737; x_wconf 93' lang='lat' dir='ltr'><strong>ut</strong></span> <span class='ocrx_word' id='word_1_86' title='bbox 1145 1675 1397 1737; x_wconf 89' lang='lat' dir='ltr'><strong>monasterium</strong></span> <span class='ocrx_word' id='word_1_87' title='bbox 1427 1673 1587 1737; x_wconf 84' lang='lat' dir='ltr'><strong>funditus</strong></span> <span class='ocrx_word' id='word_1_88' title='bbox 1619 1693 1782 1737; x_wconf 89' lang='lat' dir='ltr'><strong>eversum</strong></span> 
     </span>
     <span class='ocr_line' id='line_1_10' title="bbox 64 1812 355 1893; baseline 0.007 -21"><span class='ocrx_word' id='word_1_89' title='bbox 64 1822 308 1874; x_wconf 85' lang='lat' dir='ltr'><strong>restauraretur</strong></span> <span class='ocrx_word' id='word_1_90' title='bbox 320 1812 355 1893; x_wconf 82' lang='lat'><strong>³).</strong></span> 
     </span>
    </p>

    <p class='ocr_par' dir='ltr' id='par_1_3' title="bbox 69 1949 1783 2728">
     <span class='ocr_line' id='line_1_11' title="bbox 177 1949 1783 2034; baseline 0 -20"><span class='ocrx_word' id='word_1_91' title='bbox 177 1949 346 2014; x_wconf 89' lang='lat' dir='ltr'><strong>Ordinem</strong></span> <span class='ocrx_word' id='word_1_92' title='bbox 369 1972 455 2014; x_wconf 89' lang='lat' dir='ltr'><strong>vero</strong></span> <span class='ocrx_word' id='word_1_93' title='bbox 483 1973 554 2015; x_wconf 94' lang='lat' dir='ltr'><strong>non</strong></span> <span class='ocrx_word' id='word_1_94' title='bbox 583 1953 798 2015; x_wconf 85' lang='lat' dir='ltr'><strong>exstinctum</strong></span> <span class='ocrx_word' id='word_1_95' title='bbox 831 1972 926 2034; x_wconf 89' lang='lat' dir='ltr'><strong>esse,</strong></span> <span class='ocrx_word' id='word_1_96' title='bbox 957 1952 1161 2015; x_wconf 90' lang='lat' dir='ltr'><strong>Braunavia</strong></span> <span class='ocrx_word' id='word_1_97' title='bbox 1192 1953 1403 2014; x_wconf 92' lang='lat' dir='ltr'><strong>documento</strong></span> <span class='ocrx_word' id='word_1_98' title='bbox 1432 1962 1504 2032; x_wconf 90' lang='lat' dir='ltr'><strong>est,</strong></span> <span class='ocrx_word' id='word_1_99' title='bbox 1538 1951 1639 2014; x_wconf 93' lang='lat' dir='ltr'><strong>cuius</strong></span> <span class='ocrx_word' id='word_1_100' title='bbox 1669 1953 1783 2014; x_wconf 89' lang='lat' dir='ltr'><strong>abbas</strong></span> 
     </span>
     <span class='ocr_line' id='line_1_12' title="bbox 69 2088 1781 2173; baseline 0.004 -24"><span class='ocrx_word' id='word_1_101' title='bbox 69 2088 197 2151; x_wconf 88' lang='lat' dir='ltr'><strong>loannes</strong></span> <span class='ocrx_word' id='word_1_102' title='bbox 228 2090 289 2153; x_wconf 91' lang='lat' dir='ltr'><strong>III.</strong></span> <span class='ocrx_word' id='word_1_103' title='bbox 327 2091 580 2170; x_wconf 65' lang='lat' dir='ltr'><strong>(rsus—1557)</strong></span> <span class='ocrx_word' id='word_1_104' title='bbox 615 2091 788 2153; x_wconf 91' lang='lat' dir='ltr'><strong>Policium</strong></span> <span class='ocrx_word' id='word_1_105' title='bbox 821 2092 1105 2173; x_wconf 89' lang='lat' dir='ltr'><strong>praeposituram</strong></span> <span class='ocrx_word' id='word_1_106' title='bbox 1140 2091 1365 2171; x_wconf 88' lang='lat' dir='ltr'><strong>recuperavit</strong></span> <span class='ocrx_word' id='word_1_107' title='bbox 1397 2100 1433 2154; x_wconf 87' lang='lat' dir='ltr'><strong>et</strong></span> <span class='ocrx_word' id='word_1_108' title='bbox 1463 2090 1701 2173; x_wconf 86' lang='lat' dir='ltr'><strong>Raigradium</strong></span> <span class='ocrx_word' id='word_1_109' title='bbox 1737 2094 1781 2155; x_wconf 94' lang='lat' dir='ltr'><strong>de</strong></span> 
     </span>
     <span class='ocr_line' id='line_1_13' title="bbox 72 2227 1781 2311; baseline 0.003 -23"><span class='ocrx_word' id='word_1_110' title='bbox 72 2227 208 2290; x_wconf 79' lang='lat' dir='ltr'><strong>hloravia</strong></span> <span class='ocrx_word' id='word_1_111' title='bbox 231 2231 325 2292; x_wconf 92' lang='lat' dir='ltr'><strong>adeo</strong></span> <span class='ocrx_word' id='word_1_112' title='bbox 349 2230 520 2311; x_wconf 89' lang='lat' dir='ltr'><strong>meritum,</strong></span> <span class='ocrx_word' id='word_1_113' title='bbox 552 2233 647 2311; x_wconf 94' lang='lat' dir='ltr'><strong>quod</strong></span> <span class='ocrx_word' id='word_1_114' title='bbox 671 2241 831 2292; x_wconf 89' lang='lat' dir='ltr'><strong>extremo</strong></span> <span class='ocrx_word' id='word_1_115' title='bbox 855 2232 998 2293; x_wconf 89' lang='lat' dir='ltr'><strong>saeculo</strong></span> <span class='ocrx_word' id='word_1_116' title='bbox 1022 2230 1159 2292; x_wconf 92' lang='lat' dir='ltr'><strong>decimo</strong></span> <span class='ocrx_word' id='word_1_117' title='bbox 1184 2229 1306 2311; x_wconf 91' lang='lat' dir='ltr'><strong>quinto</strong></span> <span class='ocrx_word' id='word_1_118' title='bbox 1330 2230 1573 2310; x_wconf 90' lang='lat' dir='ltr'><strong>praepositum</strong></span> <span class='ocrx_word' id='word_1_119' title='bbox 1597 2231 1674 2292; x_wconf 89' lang='lat' dir='ltr'><strong>sine</strong></span> <span class='ocrx_word' id='word_1_120' title='bbox 1699 2233 1781 2293; x_wconf 91' lang='lat' dir='ltr'><strong>sub-</strong></span> 
     </span>
     <span class='ocr_line' id='line_1_14' title="bbox 73 2365 1780 2450; baseline 0.002 -25"><span class='ocrx_word' id='word_1_121' title='bbox 73 2365 137 2427; x_wconf 90' lang='lat' dir='ltr'><strong>ditis</strong></span> <span class='ocrx_word' id='word_1_122' title='bbox 156 2369 327 2431; x_wconf 88' lang='lat' dir='ltr'><strong>habuerat</strong></span> <span class='ocrx_word' id='word_1_123' title='bbox 350 2378 386 2430; x_wconf 92' lang='lat' dir='ltr'><strong>et</strong></span> <span class='ocrx_word' id='word_1_124' title='bbox 414 2372 492 2446; x_wconf 82' lang='grc'>1571</span> <span class='ocrx_word' id='word_1_125' title='bbox 518 2367 668 2430; x_wconf 89' lang='lat' dir='ltr'><strong>flammis</strong></span> <span class='ocrx_word' id='word_1_126' title='bbox 692 2370 856 2431; x_wconf 89' lang='lat' dir='ltr'><strong>haustum</strong></span> <span class='ocrx_word' id='word_1_127' title='bbox 882 2378 972 2450; x_wconf 89' lang='lat' dir='ltr'><strong>erat,</strong></span> <span class='ocrx_word' id='word_1_128' title='bbox 1005 2368 1168 2431; x_wconf 85' lang='lat' dir='ltr'><strong>restituit.</strong></span> <span class='ocrx_word' id='word_1_129' title='bbox 1215 2367 1337 2430; x_wconf 86' lang='lat' dir='ltr'><strong>Aedes</strong></span> <span class='ocrx_word' id='word_1_130' title='bbox 1368 2387 1471 2430; x_wconf 89' lang='lat' dir='ltr'><strong>sacra</strong></span> <span class='ocrx_word' id='word_1_131' title='bbox 1498 2367 1703 2430; x_wconf 90' lang='lat' dir='ltr'><strong>monasterii</strong></span> <span class='ocrx_word' id='word_1_132' title='bbox 1734 2370 1780 2429; x_wconf 92' lang='lat' dir='ltr'><strong>ad</strong></span> 
     </span>
     <span class='ocr_line' id='line_1_15' title="bbox 75 2503 1780 2590; baseline 0.001 -24"><span class='ocrx_word' id='word_1_133' title='bbox 75 2503 227 2568; x_wconf 84' lang='lat' dir='ltr'><strong>Sazawam</strong></span> <span class='ocrx_word' id='word_1_134' title='bbox 251 2508 322 2569; x_wconf 91' lang='lat' dir='ltr'><strong>iam</strong></span> <span class='ocrx_word' id='word_1_135' title='bbox 345 2527 410 2588; x_wconf 91' lang='lat' dir='ltr'><strong>per</strong></span> <span class='ocrx_word' id='word_1_136' title='bbox 433 2507 631 2589; x_wconf 89' lang='lat' dir='ltr'><strong>Matthiam,</strong></span> <span class='ocrx_word' id='word_1_137' title='bbox 657 2509 798 2571; x_wconf 92' lang='lat' dir='ltr'><strong>Ioannis</strong></span> <span class='ocrx_word' id='word_1_138' title='bbox 822 2528 1098 2590; x_wconf 83' lang='lat' dir='ltr'><strong>praecessorem,</strong></span> <span class='ocrx_word' id='word_1_139' title='bbox 1131 2506 1241 2569; x_wconf 88' lang='lat' dir='ltr'><strong>cultui</strong></span> <span class='ocrx_word' id='word_1_140' title='bbox 1269 2507 1389 2569; x_wconf 86' lang='lat' dir='ltr'><strong>divino</strong></span> <span class='ocrx_word' id='word_1_141' title='bbox 1419 2505 1576 2588; x_wconf 89' lang='lat' dir='ltr'><strong>reddita,</strong></span> <span class='ocrx_word' id='word_1_142' title='bbox 1605 2506 1780 2587; x_wconf 92' lang='lat' dir='ltr'><strong>simulque</strong></span> 
     </span>
     <span class='ocr_line' id='line_1_16' title="bbox 76 2645 1389 2728; baseline 0.004 -26"><span class='ocrx_word' id='word_1_143' title='bbox 76 2663 177 2706; x_wconf 91' lang='lat' dir='ltr'><strong>novum</strong></span> <span class='ocrx_word' id='word_1_144' title='bbox 199 2646 451 2708; x_wconf 88' lang='lat' dir='ltr'><strong>monasterium</strong></span> <span class='ocrx_word' id='word_1_145' title='bbox 474 2645 591 2708; x_wconf 89' lang='lat' dir='ltr'><strong>missis</strong></span> <span class='ocrx_word' id='word_1_146' title='bbox 616 2646 856 2728; x_wconf 89' lang='lat' dir='ltr'><strong>compluribus</strong></span> <span class='ocrx_word' id='word_1_147' title='bbox 880 2646 1056 2728; x_wconf 87' lang='lat' dir='ltr'><strong>religiosis</strong></span> <span class='ocrx_word' id='word_1_148' title='bbox 1081 2647 1261 2708; x_wconf 92' lang='lat' dir='ltr'><strong>conditum</strong></span> <span class='ocrx_word' id='word_1_149' title='bbox 1285 2656 1340 2708; x_wconf 91' lang='lat' dir='ltr'><strong>est</strong></span> <span class='ocrx_word' id='word_1_150' title='bbox 1354 2646 1389 2726; x_wconf 84' lang='lat'><strong>⁴).</strong></span> 
     </span>
    </p>

    <p class='ocr_par' dir='ltr' id='par_1_4' title="bbox 77 2783 1781 3561">
     <span class='ocr_line' id='line_1_17' title="bbox 177 2783 1779 2867; baseline -0.001 -22"><span class='ocrx_word' id='word_1_151' title='bbox 177 2783 300 2864; x_wconf 91' lang='lat' dir='ltr'><strong>Neque</strong></span> <span class='ocrx_word' id='word_1_152' title='bbox 323 2785 418 2847; x_wconf 93' lang='lat' dir='ltr'><strong>bello</strong></span> <span class='ocrx_word' id='word_1_153' title='bbox 442 2785 511 2865; x_wconf 93' lang='lat' dir='ltr'><strong>illo,</strong></span> <span class='ocrx_word' id='word_1_154' title='bbox 536 2805 606 2866; x_wconf 93' lang='lat' dir='ltr'><strong>quo</strong></span> <span class='ocrx_word' id='word_1_155' title='bbox 629 2806 694 2866; x_wconf 91' lang='lat' dir='ltr'><strong>per</strong></span> <span class='ocrx_word' id='word_1_156' title='bbox 717 2785 864 2867; x_wconf 83' lang='lat' dir='ltr'><strong>triginta</strong></span> <span class='ocrx_word' id='word_1_157' title='bbox 887 2804 998 2846; x_wconf 90' lang='lat' dir='ltr'><strong>annos</strong></span> <span class='ocrx_word' id='word_1_158' title='bbox 1015 2783 1227 2847; x_wconf 85' lang='lat' dir='ltr'><strong>Germaniae</strong></span> <span class='ocrx_word' id='word_1_159' title='bbox 1244 2793 1360 2846; x_wconf 89' lang='lat' dir='ltr'><strong>terrae</strong></span> <span class='ocrx_word' id='word_1_160' title='bbox 1377 2785 1667 2864; x_wconf 85' lang='lat' dir='ltr'><strong>devastabantur,</strong></span> <span class='ocrx_word' id='word_1_161' title='bbox 1684 2783 1779 2845; x_wconf 93' lang='lat' dir='ltr'><strong>vires</strong></span> 
     </span>
     <span class='ocr_line' id='line_1_18' title="bbox 77 2920 1781 3005; baseline 0.002 -27"><span class='ocrx_word' id='word_1_162' title='bbox 77 2920 155 2981; x_wconf 89' lang='lat' dir='ltr'><strong>huius</strong></span> <span class='ocrx_word' id='word_1_163' title='bbox 178 2923 381 2985; x_wconf 87' lang='lat' dir='ltr'><strong>monasterii</strong></span> <span class='ocrx_word' id='word_1_164' title='bbox 409 2923 544 2987; x_wconf 86' lang='lat' dir='ltr'><strong>fractae</strong></span> <span class='ocrx_word' id='word_1_165' title='bbox 575 2934 666 2986; x_wconf 88' lang='lat' dir='ltr'><strong>sunt.</strong></span> <span class='ocrx_word' id='word_1_166' title='bbox 712 2925 786 2986; x_wconf 91' lang='lat' dir='ltr'><strong>Iam</strong></span> <span class='ocrx_word' id='word_1_167' title='bbox 815 2928 891 2985; x_wconf 84' lang='lat'>1611</span> <span class='ocrx_word' id='word_1_168' title='bbox 919 2923 1160 3005; x_wconf 86' lang='lat' dir='ltr'><strong>Wolfgangus</strong></span> <span class='ocrx_word' id='word_1_169' title='bbox 1188 2924 1300 2984; x_wconf 90' lang='lat' dir='ltr'><strong>abbas</strong></span> <span class='ocrx_word' id='word_1_170' title='bbox 1329 2923 1566 3003; x_wconf 80' lang='lat'>(1602—1619)</span> <span class='ocrx_word' id='word_1_171' title='bbox 1591 2940 1674 2983; x_wconf 90' lang='lat' dir='ltr'><strong>acer</strong></span> <span class='ocrx_word' id='word_1_172' title='bbox 1697 2920 1781 2982; x_wconf 89' lang='lat' dir='ltr'><strong>fidei</strong></span> 
     </span>
     <span class='ocr_line' id='line_1_19' title="bbox 78 3056 1780 3142; baseline 0.003 -25"><span class='ocrx_word' id='word_1_173' title='bbox 78 3056 212 3122; x_wconf 82' lang='lat' dir='ltr'><strong>defensor</strong></span> <span class='ocrx_word' id='word_1_174' title='bbox 233 3063 406 3142; x_wconf 92' lang='lat' dir='ltr'><strong>templum</strong></span> <span class='ocrx_word' id='word_1_175' title='bbox 429 3065 475 3124; x_wconf 91' lang='lat' dir='ltr'><strong>ab</strong></span> <span class='ocrx_word' id='word_1_176' title='bbox 498 3063 687 3124; x_wconf 87' lang='lat' dir='ltr'><strong>haereticis</strong></span> <span class='ocrx_word' id='word_1_177' title='bbox 711 3061 936 3124; x_wconf 88' lang='lat' dir='ltr'><strong>aedificatum</strong></span> <span class='ocrx_word' id='word_1_178' title='bbox 961 3063 1145 3124; x_wconf 87' lang='lat' dir='ltr'><strong>clauserat.</strong></span> <span class='ocrx_word' id='word_1_179' title='bbox 1184 3058 1348 3142; x_wconf 90' lang='lat' dir='ltr'><strong>Capitula</strong></span> <span class='ocrx_word' id='word_1_180' title='bbox 1364 3061 1546 3141; x_wconf 87' lang='lat' dir='ltr'><strong>generalia</strong></span> <span class='ocrx_word' id='word_1_181' title='bbox 1566 3060 1672 3122; x_wconf 89' lang='lat' dir='ltr'><strong>certis</strong></span> <span class='ocrx_word' id='word_1_182' title='bbox 1693 3071 1780 3122; x_wconf 91' lang='lat' dir='ltr'><strong>tem-</strong></span> 
     </span>
     <span class='ocr_line' id='line_1_20' title="bbox 79 3195 1780 3282; baseline 0.003 -27"><span class='ocrx_word' id='word_1_183' title='bbox 79 3195 193 3272; x_wconf 88' lang='lat' dir='ltr'><strong>poribus</strong></span> <span class='ocrx_word' id='word_1_184' title='bbox 215 3209 290 3261; x_wconf 92' lang='lat' dir='ltr'><strong>tum</strong></span> <span class='ocrx_word' id='word_1_185' title='bbox 313 3200 553 3281; x_wconf 86' lang='lat' dir='ltr'><strong>habebantur,</strong></span> <span class='ocrx_word' id='word_1_186' title='bbox 577 3221 693 3282; x_wconf 91' lang='lat' dir='ltr'><strong>neque</strong></span> <span class='ocrx_word' id='word_1_187' title='bbox 717 3201 822 3263; x_wconf 86' lang='lat' dir='ltr'><strong>inrita</strong></span> <span class='ocrx_word' id='word_1_188' title='bbox 846 3211 946 3263; x_wconf 89' lang='lat' dir='ltr'><strong>erant</strong></span> <span class='ocrx_word' id='word_1_189' title='bbox 970 3220 1090 3262; x_wconf 92' lang='lat' dir='ltr'><strong>eorum</strong></span> <span class='ocrx_word' id='word_1_190' title='bbox 1114 3201 1276 3273; x_wconf 88' lang='lat' dir='ltr'><strong>decreta;</strong></span> <span class='ocrx_word' id='word_1_191' title='bbox 1305 3199 1398 3262; x_wconf 93' lang='lat' dir='ltr'><strong>idem</strong></span> <span class='ocrx_word' id='word_1_192' title='bbox 1422 3199 1514 3262; x_wconf 92' lang='lat' dir='ltr'><strong>enim</strong></span> <span class='ocrx_word' id='word_1_193' title='bbox 1538 3199 1780 3280; x_wconf 85' lang='lat' dir='ltr'><strong>Wolfgangus</strong></span> 
     </span>
     <span class='ocr_line' id='line_1_21' title="bbox 80 3332 1780 3421; baseline 0.002 -25"><span class='ocrx_word' id='word_1_194' title='bbox 80 3332 181 3399; x_wconf 86' lang='lat' dir='ltr'><strong>bullam</strong></span> <span class='ocrx_word' id='word_1_195' title='bbox 205 3340 479 3421; x_wconf 83' lang='lat' dir='ltr'><strong>,Benedictina“</strong></span> <span class='ocrx_word' id='word_1_196' title='bbox 505 3350 648 3403; x_wconf 89' lang='lat' dir='ltr'><strong>secutus</strong></span> <span class='ocrx_word' id='word_1_197' title='bbox 676 3346 756 3418; x_wconf 76' lang='lat'>1604</span> <span class='ocrx_word' id='word_1_198' title='bbox 780 3342 948 3402; x_wconf 91' lang='lat' dir='ltr'><strong>abbatem</strong></span> <span class='ocrx_word' id='word_1_199' title='bbox 969 3338 1259 3401; x_wconf 90' lang='lat' dir='ltr'><strong>Cladrubiensem</strong></span> <span class='ocrx_word' id='word_1_200' title='bbox 1280 3348 1315 3401; x_wconf 92' lang='lat' dir='ltr'><strong>et</strong></span> <span class='ocrx_word' id='word_1_201' title='bbox 1336 3339 1371 3401; x_wconf 89' lang='lat' dir='ltr'><strong>in</strong></span> <span class='ocrx_word' id='word_1_202' title='bbox 1392 3338 1554 3420; x_wconf 85' lang='lat' dir='ltr'><strong>proxima</strong></span> <span class='ocrx_word' id='word_1_203' title='bbox 1577 3338 1780 3401; x_wconf 89' lang='lat' dir='ltr'><strong>visitatione</strong></span> 
     </span>
     <span class='ocr_line' id='line_1_22' title="bbox 81 3476 1518 3561; baseline 0.005 -30"><span class='ocrx_word' id='word_1_204' title='bbox 81 3477 205 3548; x_wconf 78' lang='lat' dir='ltr'><strong>generali</strong></span> <span class='ocrx_word' id='word_1_205' title='bbox 227 3480 377 3541; x_wconf 85' lang='lat' dir='ltr'><strong>abbates</strong></span> <span class='ocrx_word' id='word_1_206' title='bbox 401 3498 427 3543; x_wconf 84' lang='lat' dir='ltr'><strong>S.</strong></span> <span class='ocrx_word' id='word_1_207' title='bbox 451 3480 617 3561; x_wconf 90' lang='lat' dir='ltr'><strong>Procopii</strong></span> <span class='ocrx_word' id='word_1_208' title='bbox 640 3481 686 3541; x_wconf 91' lang='lat' dir='ltr'><strong>ad</strong></span> <span class='ocrx_word' id='word_1_209' title='bbox 709 3477 903 3559; x_wconf 88' lang='lat' dir='ltr'><strong>Sazawam,</strong></span> <span class='ocrx_word' id='word_1_210' title='bbox 927 3476 1093 3558; x_wconf 89' lang='lat' dir='ltr'><strong>Emausii,</strong></span> <span class='ocrx_word' id='word_1_211' title='bbox 1117 3476 1275 3540; x_wconf 91' lang='lat' dir='ltr'><strong>Ostrovii</strong></span> <span class='ocrx_word' id='word_1_212' title='bbox 1298 3477 1376 3538; x_wconf 93' lang='lat' dir='ltr'><strong>loco</strong></span> <span class='ocrx_word' id='word_1_213' title='bbox 1399 3476 1518 3538; x_wconf 91' lang='lat' dir='ltr'><strong>movit.</strong></span> 
     </span>
    </p>

    <p class='ocr_par' dir='ltr' id='par_1_5' title="bbox 85 3613 1780 3973">
     <span class='ocr_line' id='line_1_23' title="bbox 181 3613 1779 3698; baseline -0.002 -21"><span class='ocrx_word' id='word_1_214' title='bbox 181 3614 298 3696; x_wconf 87' lang='lat' dir='ltr'><strong>Atque</strong></span> <span class='ocrx_word' id='word_1_215' title='bbox 323 3616 429 3678; x_wconf 88' lang='lat' dir='ltr'><strong>etiam</strong></span> <span class='ocrx_word' id='word_1_216' title='bbox 446 3616 738 3698; x_wconf 75' lang='lat' dir='ltr'><strong>RaigradienseS,</strong></span> <span class='ocrx_word' id='word_1_217' title='bbox 763 3619 856 3698; x_wconf 93' lang='lat' dir='ltr'><strong>quod</strong></span> <span class='ocrx_word' id='word_1_218' title='bbox 873 3636 979 3679; x_wconf 91' lang='lat' dir='ltr'><strong>unum</strong></span> <span class='ocrx_word' id='word_1_219' title='bbox 997 3615 1210 3678; x_wconf 92' lang='lat' dir='ltr'><strong>domicilium</strong></span> <span class='ocrx_word' id='word_1_220' title='bbox 1227 3614 1359 3678; x_wconf 91' lang='lat' dir='ltr'><strong>ordinis</strong></span> <span class='ocrx_word' id='word_1_221' title='bbox 1376 3614 1411 3676; x_wconf 91' lang='lat' dir='ltr'><strong>in</strong></span> <span class='ocrx_word' id='word_1_222' title='bbox 1427 3613 1590 3676; x_wconf 89' lang='lat' dir='ltr'><strong>Moravia</strong></span> <span class='ocrx_word' id='word_1_223' title='bbox 1606 3613 1779 3694; x_wconf 91' lang='lat' dir='ltr'><strong>reliquum</strong></span> 
     </span>
     <span class='ocr_line' id='line_1_24' title="bbox 85 3750 1780 3837; baseline 0.002 -29"><span class='ocrx_word' id='word_1_224' title='bbox 85 3758 151 3828; x_wconf 82' lang='lat' dir='ltr'><strong>erat,</strong></span> <span class='ocrx_word' id='word_1_225' title='bbox 174 3754 292 3815; x_wconf 88' lang='lat' dir='ltr'><strong>eodem</strong></span> <span class='ocrx_word' id='word_1_226' title='bbox 317 3754 434 3816; x_wconf 90' lang='lat' dir='ltr'><strong>animo</strong></span> <span class='ocrx_word' id='word_1_227' title='bbox 456 3753 582 3834; x_wconf 85' lang='lat' dir='ltr'><strong>fuisse,</strong></span> <span class='ocrx_word' id='word_1_228' title='bbox 614 3755 788 3817; x_wconf 89' lang='lat' dir='ltr'><strong>seditione</strong></span> <span class='ocrx_word' id='word_1_229' title='bbox 819 3755 940 3837; x_wconf 92' lang='lat' dir='ltr'><strong>primis</strong></span> <span class='ocrx_word' id='word_1_230' title='bbox 972 3752 1105 3816; x_wconf 90' lang='lat' dir='ltr'><strong>saeculi</strong></span> <span class='ocrx_word' id='word_1_231' title='bbox 1136 3752 1278 3833; x_wconf 91' lang='lat' dir='ltr'><strong>septimi</strong></span> <span class='ocrx_word' id='word_1_232' title='bbox 1309 3750 1437 3814; x_wconf 88' lang='lat' dir='ltr'><strong>decimi</strong></span> <span class='ocrx_word' id='word_1_233' title='bbox 1467 3751 1569 3813; x_wconf 88' lang='lat' dir='ltr'><strong>annis</strong></span> <span class='ocrx_word' id='word_1_234' title='bbox 1602 3751 1780 3814; x_wconf 89' lang='lat' dir='ltr'><strong>concitata</strong></span> 
     </span>
     <span class='ocr_line' id='line_1_25' title="bbox 87 3890 1583 3973; baseline 0.007 -30"><span class='ocrx_word' id='word_1_235' title='bbox 87 3893 317 3967; x_wconf 86' lang='lat' dir='ltr'><strong>comprobatum</strong></span> <span class='ocrx_word' id='word_1_236' title='bbox 341 3902 406 3972; x_wconf 89' lang='lat' dir='ltr'><strong>est,</strong></span> <span class='ocrx_word' id='word_1_237' title='bbox 430 3912 643 3973; x_wconf 89' lang='lat' dir='ltr'><strong>quamquam</strong></span> <span class='ocrx_word' id='word_1_238' title='bbox 668 3895 764 3971; x_wconf 79' lang='lat'>(1024</span> <span class='ocrx_word' id='word_1_239' title='bbox 788 3893 938 3973; x_wconf 82' lang='lat' dir='ltr'><strong>circiter)</strong></span> <span class='ocrx_word' id='word_1_240' title='bbox 964 3912 1033 3954; x_wconf 93' lang='lat' dir='ltr'><strong>non</strong></span> <span class='ocrx_word' id='word_1_241' title='bbox 1057 3893 1138 3973; x_wconf 90' lang='lat' dir='ltr'><strong>plus</strong></span> <span class='ocrx_word' id='word_1_242' title='bbox 1161 3898 1234 3954; x_wconf 89' lang='lat' dir='ltr'><strong>tres</strong></span> <span class='ocrx_word' id='word_1_243' title='bbox 1257 3890 1392 3952; x_wconf 89' lang='lat' dir='ltr'><strong>incolas</strong></span> <span class='ocrx_word' id='word_1_244' title='bbox 1415 3890 1583 3954; x_wconf 87' lang='lat' dir='ltr'><strong>habebat.</strong></span> 
     </span>
    </p>

    <p class='ocr_par' dir='ltr' id='par_1_6' title="bbox 92 4026 1783 4527">
     <span class='ocr_line' id='line_1_26' title="bbox 185 4026 1783 4113; baseline -0.001 -24"><span class='ocrx_word' id='word_1_245' title='bbox 185 4026 267 4091; x_wconf 88' lang='lat' dir='ltr'><strong>Cum</strong></span> <span class='ocrx_word' id='word_1_246' title='bbox 289 4049 374 4091; x_wconf 90' lang='lat' dir='ltr'><strong>vero</strong></span> <span class='ocrx_word' id='word_1_247' title='bbox 398 4030 515 4092; x_wconf 90' lang='lat' dir='ltr'><strong>medio</strong></span> <span class='ocrx_word' id='word_1_248' title='bbox 539 4033 680 4093; x_wconf 92' lang='lat' dir='ltr'><strong>saeculo</strong></span> <span class='ocrx_word' id='word_1_249' title='bbox 705 4031 842 4093; x_wconf 90' lang='lat' dir='ltr'><strong>decimo</strong></span> <span class='ocrx_word' id='word_1_250' title='bbox 866 4031 1018 4113; x_wconf 91' lang='lat' dir='ltr'><strong>septimo</strong></span> <span class='ocrx_word' id='word_1_251' title='bbox 1036 4031 1142 4093; x_wconf 88' lang='lat' dir='ltr'><strong>etiam</strong></span> <span class='ocrx_word' id='word_1_252' title='bbox 1159 4028 1351 4091; x_wconf 92' lang='lat' dir='ltr'><strong>Bohemiae</strong></span> <span class='ocrx_word' id='word_1_253' title='bbox 1368 4038 1404 4090; x_wconf 93' lang='lat' dir='ltr'><strong>et</strong></span> <span class='ocrx_word' id='word_1_254' title='bbox 1419 4029 1602 4091; x_wconf 89' lang='lat' dir='ltr'><strong>Moraviae</strong></span> <span class='ocrx_word' id='word_1_255' title='bbox 1626 4049 1699 4110; x_wconf 86' lang='lat' dir='ltr'><strong>pax</strong></span> <span class='ocrx_word' id='word_1_256' title='bbox 1722 4029 1783 4088; x_wconf 95' lang='lat' dir='ltr'><strong>diu</strong></span> 
     </span>
     <span class='ocr_line' id='line_1_27' title="bbox 94 4157 1782 4250; baseline 0.004 -30"><span class='ocrx_word' id='word_1_257' title='bbox 94 4157 258 4229; x_wconf 84' lang='lat' dir='ltr'><strong>desiderata</strong></span> <span class='ocrx_word' id='word_1_258' title='bbox 289 4168 508 4250; x_wconf 85' lang='lat' dir='ltr'><strong>adfulgeret,</strong></span> <span class='ocrx_word' id='word_1_259' title='bbox 539 4169 646 4231; x_wconf 89' lang='lat' dir='ltr'><strong>etiam</strong></span> <span class='ocrx_word' id='word_1_260' title='bbox 676 4172 762 4231; x_wconf 90' lang='lat' dir='ltr'><strong>ordo</strong></span> <span class='ocrx_word' id='word_1_261' title='bbox 792 4168 881 4230; x_wconf 87' lang='lat' dir='ltr'><strong>fines</strong></span> <span class='ocrx_word' id='word_1_262' title='bbox 912 4167 1108 4231; x_wconf 90' lang='lat' dir='ltr'><strong>officiorum</strong></span> <span class='ocrx_word' id='word_1_263' title='bbox 1140 4169 1281 4249; x_wconf 86' lang='lat' dir='ltr'><strong>longius</strong></span> <span class='ocrx_word' id='word_1_264' title='bbox 1311 4165 1471 4247; x_wconf 89' lang='lat' dir='ltr'><strong>proferre</strong></span> <span class='ocrx_word' id='word_1_265' title='bbox 1503 4175 1539 4229; x_wconf 89' lang='lat' dir='ltr'><strong>et</strong></span> <span class='ocrx_word' id='word_1_266' title='bbox 1569 4166 1714 4228; x_wconf 89' lang='lat' dir='ltr'><strong>liberius</strong></span> <span class='ocrx_word' id='word_1_267' title='bbox 1746 4166 1782 4227; x_wconf 93' lang='lat' dir='ltr'><strong>in</strong></span> 
     </span>
     <span class='ocr_line' id='line_1_28' title="bbox 92 4304 1782 4389; baseline 0 -24"><span class='ocrx_word' id='word_1_268' title='bbox 92 4313 178 4363; x_wconf 79' lang='lat' dir='ltr'><strong>curam</strong></span> <span class='ocrx_word' id='word_1_269' title='bbox 199 4306 387 4369; x_wconf 91' lang='lat' dir='ltr'><strong>animarum</strong></span> <span class='ocrx_word' id='word_1_270' title='bbox 411 4307 614 4370; x_wconf 89' lang='lat' dir='ltr'><strong>incumbere</strong></span> <span class='ocrx_word' id='word_1_271' title='bbox 637 4308 763 4389; x_wconf 90' lang='lat' dir='ltr'><strong>potuit.</strong></span> <span class='ocrx_word' id='word_1_272' title='bbox 807 4309 932 4387; x_wconf 91' lang='lat' dir='ltr'><strong>Itaque</strong></span> <span class='ocrx_word' id='word_1_273' title='bbox 960 4306 1158 4388; x_wconf 85' lang='lat' dir='ltr'><strong>disciplina,</strong></span> <span class='ocrx_word' id='word_1_274' title='bbox 1190 4327 1268 4369; x_wconf 90' lang='lat' dir='ltr'><strong>cum</strong></span> <span class='ocrx_word' id='word_1_275' title='bbox 1297 4306 1508 4389; x_wconf 90' lang='lat' dir='ltr'><strong>praeprimis</strong></span> <span class='ocrx_word' id='word_1_276' title='bbox 1531 4304 1663 4367; x_wconf 91' lang='lat' dir='ltr'><strong>ordinis</strong></span> <span class='ocrx_word' id='word_1_277' title='bbox 1687 4305 1782 4384; x_wconf 90' lang='lat' dir='ltr'><strong>capi-</strong></span> 
     </span>
     <span class='ocr_line' id='line_1_29' title="bbox 95 4435 976 4527; baseline 0.019 -37"><span class='ocrx_word' id='word_1_278' title='bbox 95 4435 147 4496; x_wconf 86' lang='lat' dir='ltr'><strong>tula</strong></span> <span class='ocrx_word' id='word_1_279' title='bbox 165 4452 193 4503; x_wconf 89' lang='lat' dir='ltr'><strong>et</strong></span> <span class='ocrx_word' id='word_1_280' title='bbox 212 4445 431 4508; x_wconf 84' lang='lat' dir='ltr'><strong>visitationes</strong></span> <span class='ocrx_word' id='word_1_281' title='bbox 454 4447 678 4527; x_wconf 89' lang='lat' dir='ltr'><strong>haberentur,</strong></span> <span class='ocrx_word' id='word_1_282' title='bbox 702 4445 825 4527; x_wconf 88' lang='lat' dir='ltr'><strong>vigere</strong></span> <span class='ocrx_word' id='word_1_283' title='bbox 849 4446 976 4527; x_wconf 91' lang='lat' dir='ltr'><strong>coepit.</strong></span> 
     </span>
    </p>
   </div>
   <div class='ocr_carea' id='block_1_3' title="bbox 189 4578 1783 4665">
    <p class='ocr_par' dir='ltr' id='par_1_7' title="bbox 189 4578 1783 4665">
     <span class='ocr_line' id='line_1_30' title="bbox 189 4578 1783 4665; baseline 0 -22"><span class='ocrx_word' id='word_1_284' title='bbox 189 4578 372 4645; x_wconf 92' lang='lat' dir='ltr'><strong>Othmarus</strong></span> <span class='ocrx_word' id='word_1_285' title='bbox 389 4587 501 4647; x_wconf 88' lang='lat' dir='ltr'><strong>abbas</strong></span> <span class='ocrx_word' id='word_1_286' title='bbox 518 4585 793 4647; x_wconf 88' lang='lat' dir='ltr'><strong>Braunaviensis</strong></span> <span class='ocrx_word' id='word_1_287' title='bbox 811 4585 1049 4665; x_wconf 67' lang='grc' dir='ltr'>(ηοω-1738)</span> <span class='ocrx_word' id='word_1_288' title='bbox 1067 4585 1173 4646; x_wconf 88' lang='lat' dir='ltr'><strong>etiarn</strong></span> <span class='ocrx_word' id='word_1_289' title='bbox 1187 4584 1476 4664; x_wconf 90' lang='lat' dir='ltr'><strong>Wahlstadtium,</strong></span> <span class='ocrx_word' id='word_1_290' title='bbox 1493 4601 1583 4664; x_wconf 90' lang='lat' dir='ltr'><strong>quae</strong></span> <span class='ocrx_word' id='word_1_291' title='bbox 1601 4582 1783 4663; x_wconf 90' lang='lat' dir='ltr'><strong>praeposi·</strong></span> 
     </span>
    </p>
   </div>
   <div class='ocr_carea' id='block_1_4' title="bbox 96 4697 1784 4804">
    <p class='ocr_par' dir='ltr' id='par_1_8' title="bbox 96 4697 1784 4804">
     <span class='ocr_line' id='line_1_31' title="bbox 96 4697 1784 4804; baseline 0.011 -38"><span class='ocrx_word' id='word_1_292' title='bbox 96 4714 152 4770; x_wconf 82' lang='lat' dir='ltr'><strong>tura</strong></span> <span class='ocrx_word' id='word_1_293' title='bbox 164 4714 350 4798; x_wconf 86' lang='lat' dir='ltr'><strong>Opatovieii</strong></span> <span class='ocrx_word' id='word_1_294' title='bbox 373 4721 500 4803; x_wconf 84' lang='lat' dir='ltr'><strong>fuerat,</strong></span> <span class='ocrx_word' id='word_1_295' title='bbox 524 4724 608 4786; x_wconf 91' lang='lat' dir='ltr'><strong>emit</strong></span> <span class='ocrx_word' id='word_1_296' title='bbox 625 4733 660 4786; x_wconf 93' lang='lat' dir='ltr'><strong>et</strong></span> <span class='ocrx_word' id='word_1_297' title='bbox 676 4697 805 4786; x_wconf 90' lang='lat' dir='ltr'><strong>novum</strong></span> <span class='ocrx_word' id='word_1_298' title='bbox 822 4723 1074 4787; x_wconf 89' lang='lat' dir='ltr'><strong>monasterium</strong></span> <span class='ocrx_word' id='word_1_299' title='bbox 1090 4723 1269 4787; x_wconf 80' lang='lat' dir='ltr'><strong>exstruxit</strong></span> <span class='ocrx_word' id='word_1_300' title='bbox 1289 4727 1368 4802; x_wconf 81' lang='lat'>1738</span> <span class='ocrx_word' id='word_1_301' title='bbox 1385 4722 1554 4784; x_wconf 89' lang='lat' dir='ltr'><strong>fratribus</strong></span> <span class='ocrx_word' id='word_1_302' title='bbox 1570 4722 1738 4786; x_wconf 91' lang='lat' dir='ltr'><strong>traditum</strong></span> <span class='ocrx_word' id='word_1_303' title='bbox 1748 4725 1784 4804; x_wconf 85' lang='lat'><strong>⁵).</strong></span> 
     </span>
    </p>
   </div>
   <div class='ocr_carea' id='block_1_5' title="bbox 191 4962 985 5491">
    <p class='ocr_par' dir='ltr' id='par_1_9' title="bbox 192 4962 483 5039">
     <span class='ocr_line' id='line_1_32' title="bbox 192 4962 483 5039; baseline 0.017 -20"><span class='ocrx_word' id='word_1_304' title='bbox 192 4962 329 5039; x_wconf 66' lang='grc'>1111111</span> <span class='ocrx_word' id='word_1_305' title='bbox 353 4967 371 5023; x_wconf 88' lang='lat'><strong>1.</strong></span> <span class='ocrx_word' id='word_1_306' title='bbox 396 4987 421 5025; x_wconf 78' lang='lat' dir='ltr'><strong>c.</strong></span> <span class='ocrx_word' id='word_1_307' title='bbox 446 4969 483 5024; x_wconf 93' lang='grc'><strong>11.</strong></span> 
     </span>
    </p>

    <p class='ocr_par' dir='ltr' id='par_1_10' title="bbox 192 5073 487 5152">
     <span class='ocr_line' id='line_1_33' title="bbox 192 5073 487 5152; baseline 0.01 -19"><span class='ocrx_word' id='word_1_308' title='bbox 192 5073 210 5152; x_wconf 69' lang='grc'><strong>’)</strong></span> <span class='ocrx_word' id='word_1_309' title='bbox 231 5079 321 5134; x_wconf 80' lang='lat' dir='ltr'><strong>Frind</strong></span> <span class='ocrx_word' id='word_1_310' title='bbox 345 5079 363 5136; x_wconf 84' lang='lat' dir='ltr'><strong>l.</strong></span> <span class='ocrx_word' id='word_1_311' title='bbox 388 5099 413 5136; x_wconf 88' lang='lat' dir='ltr'><strong>c.</strong></span> <span class='ocrx_word' id='word_1_312' title='bbox 438 5082 487 5136; x_wconf 79' lang='lat' dir='ltr'><strong>tv.</strong></span> 
     </span>
    </p>

    <p class='ocr_par' dir='ltr' id='par_1_11' title="bbox 191 5186 428 5266">
     <span class='ocr_line' id='line_1_34' title="bbox 191 5186 428 5266; baseline 0.013 -19"><span class='ocrx_word' id='word_1_313' title='bbox 191 5186 209 5265; x_wconf 80' lang='lat'><strong>³)</strong></span> <span class='ocrx_word' id='word_1_314' title='bbox 231 5192 335 5266; x_wconf 75' lang='lat' dir='ltr'><strong>Heyne</strong></span> <span class='ocrx_word' id='word_1_315' title='bbox 360 5193 378 5249; x_wconf 92' lang='lat' dir='ltr'><strong>l.</strong></span> <span class='ocrx_word' id='word_1_316' title='bbox 403 5212 428 5250; x_wconf 87' lang='lat' dir='ltr'><strong>c.</strong></span> 
     </span>
    </p>

    <p class='ocr_par' dir='ltr' id='par_1_12' title="bbox 192 5299 985 5491">
     <span class='ocr_line' id='line_1_35' title="bbox 192 5299 985 5379; baseline 0.004 -18"><span class='ocrx_word' id='word_1_317' title='bbox 192 5299 211 5379; x_wconf 64' lang='grc'><strong>4)</strong></span> <span class='ocrx_word' id='word_1_318' title='bbox 232 5305 403 5362; x_wconf 84' lang='lat' dir='ltr'><strong>Chronicon</strong></span> <span class='ocrx_word' id='word_1_319' title='bbox 428 5308 652 5363; x_wconf 80' lang='lat' dir='ltr'><strong>Bievnoviense</strong></span> <span class='ocrx_word' id='word_1_320' title='bbox 676 5320 706 5363; x_wconf 89' lang='lat' dir='ltr'><strong>et</strong></span> <span class='ocrx_word' id='word_1_321' title='bbox 730 5307 831 5363; x_wconf 87' lang='lat' dir='ltr'><strong>Dudik</strong></span> <span class='ocrx_word' id='word_1_322' title='bbox 855 5309 872 5364; x_wconf 94' lang='lat' dir='ltr'><strong>l.</strong></span> <span class='ocrx_word' id='word_1_323' title='bbox 897 5328 923 5364; x_wconf 89' lang='lat' dir='ltr'><strong>c.</strong></span> <span class='ocrx_word' id='word_1_324' title='bbox 949 5309 985 5364; x_wconf 92' lang='lat' dir='ltr'><strong>ll.</strong></span> 
     </span>
     <span class='ocr_line' id='line_1_36' title="bbox 193 5411 985 5491; baseline 0.003 -19"><span class='ocrx_word' id='word_1_325' title='bbox 193 5411 211 5491; x_wconf 81' lang='grc'><strong>5)</strong></span> <span class='ocrx_word' id='word_1_326' title='bbox 232 5417 404 5474; x_wconf 84' lang='lat' dir='ltr'><strong>Chronicon</strong></span> <span class='ocrx_word' id='word_1_327' title='bbox 427 5419 652 5475; x_wconf 81' lang='lat' dir='ltr'><strong>Bievnoviense</strong></span> <span class='ocrx_word' id='word_1_328' title='bbox 677 5433 707 5476; x_wconf 86' lang='lat' dir='ltr'><strong>et</strong></span> <span class='ocrx_word' id='word_1_329' title='bbox 731 5419 832 5475; x_wconf 87' lang='lat' dir='ltr'><strong>Dudik</strong></span> <span class='ocrx_word' id='word_1_330' title='bbox 856 5420 873 5476; x_wconf 94' lang='grc'><strong>1.</strong></span> <span class='ocrx_word' id='word_1_331' title='bbox 899 5439 925 5475; x_wconf 91' lang='lat' dir='ltr'><strong>c.</strong></span> <span class='ocrx_word' id='word_1_332' title='bbox 949 5420 985 5475; x_wconf 90' lang='lat' dir='ltr'><strong>ll.</strong></span> 
     </span>
    </p>
   </div>
   <div class='ocr_carea' id='block_1_6' title="bbox 0 0 2055 6260">
    <p class='ocr_par' dir='ltr' id='par_1_13' title="bbox 0 0 2055 6260">
     <span class='ocr_line' id='line_1_37' title="bbox 0 0 2055 6260; baseline 0 0"><span class='ocrx_word' id='word_1_333' title='bbox 0 0 2055 6260; x_wconf 95' lang='lat' dir='ltr'><strong> </strong></span> 
     </span>
    </p>
   </div>
  </div>
 </body>
</html>
