4034 6262
873 523 1154 633 -514†

145 708 241 791 prior
259 718 449 771 revocatur
472 716 508 769 et
532 709 577 768 ab
601 706 890 770 administratura
910 707 972 767 ab·

144 830 301 892 solvitur.
323 828 429 891 Anno
447 847 525 907 1777
545 827 601 890 die
616 849 666 906 29.
681 827 767 889 Maii
779 827 973 908 apoplexia

143 961 259 1014 tactus
286 950 468 1031 inopinate
494 949 587 1012 diem
615 969 817 1030 supremum
846 948 973 1012 clausit

143 1083 212 1135 aet.
229 1091 322 1135 anno
339 1077 390 1153 48,
407 1071 510 1135 titulo
523 1072 652 1133 notarii
664 1071 851 1153 apostolici
868 1070 973 1133 iurati

144 1194 343 1277 insignitus

229 1333 314 1395 Eius
338 1353 444 1395 manu
469 1341 618 1394 exarata
644 1334 740 1413 apud
764 1353 829 1394 nos
853 1333 973 1394 adser-

143 1467 272 1519 vantur
288 1456 529 1536 manuscripta
546 1454 749 1535 sequentia:

232 1602 253 1656 1.
271 1601 443 1656 Conciones
460 1599 653 1655 dominicales
674 1612 704 1654 et
726 1598 880 1654 festivales
897 1597 972 1654 idio·

145 1717 223 1760 mate
247 1704 411 1760 Bohcmico
435 1702 554 1759 habitae
581 1702 619 1760 ab
643 1722 721 1758 anno
750 1715 972 1776 1753—1774.

39 1873 41 1878 ¹
144 1810 285 1883 Magnum
303 1808 442 1864 volumen
460 1809 488 1862 111
504 1814 546 1880 4⁰.
565 1809 641 1863 Msn.
654 1806 726 1879 538.
744 1806 829 1881 Sign.
843 1806 921 1885 ΗΚ.
935 1807 972 1861 ΙΙ.

144 1913 173 1970 b.
189 1911 241 1984 58,
259 1914 322 1968 01110
340 1931 409 1987 pag.

231 2017 267 2072 II.
297 2015 488 2072 Kiestanske
516 2015 641 2071 nauceni
665 2013 723 2071 neb
748 2015 861 2090 fimsky
886 2015 974 2072 kato·

144 2123 222 2198 licky'
244 2121 449 2178 katechismus
471 2138 509 2175 na
529 2117 646 2194 zpftsob
663 2118 768 2175 kazani
784 2120 974 2194 piedneieny'

144 2226 182 2282 od
196 2226 290 2282 kneze
300 2226 450 2280 Kazimira
460 2223 552 2279 Molla
565 2242 593 2280 0.
604 2242 628 2279 s.
639 2224 671 2278 B.
684 2223 817 2280 klastera
829 2224 976 2279 Mondsee

145 2350 163 2385 v
179 2330 303 2386 hornich
322 2328 506 2394 Rakousieh,
523 2328 593 2402 nyni
606 2347 623 2383 v
637 2328 798 2383 moravske
811 2329 872 2384 feci
886 2327 976 2403 pfed·

144 2434 248 2509 lofeny
273 2433 312 2489 od
334 2435 366 2490 P.
383 2432 516 2489 Vaclava
530 2432 579 2488 W.
604 2428 633 2508 (i.
658 2451 684 2487 e.
710 2432 871 2488 instructio
896 2432 976 2488 chri-

145 2542 241 2595 stiana
254 2539 301 2594 vel
319 2537 519 2594 catechismus
532 2536 685 2592 Romanus
702 2539 730 2591 in
744 2535 840 2592 forma
853 2539 976 2593 concio·

144 2661 226 2710 num;
239 2675 280 2686 -
296 2642 518 2717 praelectiones
534 2659 596 2696 sae.
615 2642 754 2696 Kazimiri
772 2641 844 2697 Moli
861 2660 889 2697 0.
906 2660 931 2698 s,
942 2642 974 2697 Β.

144 2750 317 2803 monasterii
338 2745 485 2803 Mondsee
506 2747 535 2801 in
554 2743 676 2800 Austria
700 2747 860 2820 superiori,
885 2746 975 2802 modo

146 2852 245 2925 lingua
256 2852 411 2907 Moravica
426 2844 574 2927 [Slaviea]
589 2847 716 2903 traditae
729 2867 783 2905 a..
796 2845 815 2927 .)
832 2851 904 2925 Pap.
918 2851 975 2907 Ms.

146 2956 201 3012 sub
218 2957 293 3011 Msn.
311 2969 384 3027 540.
402 2953 487 3028 Sign.
505 2949 582 3025 FJK.
601 2953 638 3008 11.
656 2950 683 3024 β.
702 2968 730 3019 2,
749 2955 813 3008 sine
831 2972 901 3028 pag.

232 3061 284 3115 111.
301 3061 483 3132 Fragmenta
499 3059 715 3131 grammaticae
731 3057 877 3114 Gallicae.
898 3059 975 3116 11011.

146 3179 218 3237 501.
236 3163 320 3237 Sign.
338 3163 415 3236 ΗΚ.
433 3163 470 3217 ΙΙ.
489 3181 514 3217 α.
534 3160 562 3228 6,
580 3163 608 3216 in
626 3167 668 3233 4⁰.
686 3163 751 3217 sine
767 3181 837 3236 pag.

231 3309 975 3401 11111100116110011110(Μο1110011010),

147 3438 180 3500 in
198 3441 284 3501 urbe
303 3437 613 3520 Sanhippolytana
633 3443 712 3517 1743
732 3438 788 3501 die
808 3444 857 3501 25.
871 3440 975 3501 Febr.

147 3571 260 3642 natus,
277 3560 546 3622 Mellicensibus
567 3580 632 3641 per
651 3561 858 3624 sollemnem
878 3573 977 3624 voto·

146 3702 220 3745 rum
239 3682 538 3763 nuncupationem
560 3681 617 3743 die
638 3703 684 3759 14.
702 3681 792 3746 Nov.
814 3688 891 3762 1702
916 3685 977 3744 ad-

147 3806 300 3886 scriptus
326 3813 433 3885 atque
456 3808 533 3882 1767
555 3804 722 3866 sacerdos
747 3814 977 3867 consecratus

147 3938 210 3989 est.
220 3927 260 3987 In
270 3925 484 3987 monasterio
494 3924 676 4005 professor
684 3926 893 4008 rhetoricae,
902 3928 977 4008 phi·

146 4049 327 4130 losophiae
352 4056 388 4108 et
411 4046 615 4128 theologiae
639 4066 704 4126 per
725 4048 845 4129 plures
866 4069 976 4110 annos

148 4171 295 4233 exstitit.
317 4170 477 4231 Tandem
493 4172 670 4249 parochus
686 4190 751 4251 per
767 4176 801 4233 18
817 4191 929 4233 annos
942 4172 977 4233 in

148 4289 380 4355 Rohrendorf
390 4300 426 4353 et
439 4310 503 4371 per
512 4291 661 4353 totidem
670 4312 782 4354 annos
794 4292 830 4354 in
844 4293 977 4374 oppido

149 4411 345 4476 Mellicensi
375 4411 553 4493 evangelii
583 4412 780 4475 ministrum
805 4414 977 4495 verbique

151 4533 257 4596 divini
279 4554 492 4615 praeconem
516 4552 596 4594 sese
620 4534 791 4599 exhibuit.
821 4535 908 4597 Cum
932 4557 978 4597 ex

149 4653 249 4716 brevi
265 4657 388 4716 morbo
405 4655 544 4716 iamiam
566 4655 806 4718 convaluisset
822 4655 978 4738 nihilque

151 4776 232 4836 mali
248 4776 498 4857 suspicaretur,
516 4777 572 4838 die
591 4797 619 4855 7.
635 4778 712 4841 Iun.
729 4787 811 4857 post
833 4797 978 4840 coenam

154 4896 268 4957 subito
290 4898 481 4976 apoplexia
505 4907 622 4960 tactus
647 4899 704 4961 die
725 4920 772 4961 11.
789 4899 863 4962 Iun.
886 4920 978 4961 anno

160 5019 236 5091 1801
253 5017 310 5096 pie
329 5017 363 5078 in
378 5018 530 5081 Domino
547 5020 644 5082 obiit.

240 5140 262 5193 1.
287 5142 349 5195 Der
370 5161 429 5199 von
452 5145 509 5199 den
526 5145 690 5201 Redienten
713 5145 881 5221 betrogene
898 5144 979 5204 Hof-

157 5241 285 5295 meister.
310 5240 339 5318 (i.
357 5263 382 5299 e.
400 5247 544 5320 Magister
559 5270 576 5305 a
594 5250 710 5307 famulis
733 5250 899 5329 deceptus.)
923 5252 980 5306 Ein

159 5337 308 5414 Lustspicl
337 5347 365 5398 in
392 5346 453 5404 drei
478 5350 644 5427 Ausziigen.
675 5353 836 5409 Producirt
858 5373 904 5409 am
933 5369 980 5426 15.

161 5438 238 5510 Aug.
259 5444 347 5517 1761).
364 5449 428 5505 Fol.
445 5453 500 5510 his.
519 5458 546 5509 in
563 5454 748 5512 bibliotheca
758 5458 937 5516 Mellicensi.

1137 711 1175 767 11.
1198 709 1388 766 Maxalende.
1413 710 1472 766 Ein
1496 708 1630 784 Beispiel
1654 708 1707 764 der
1728 710 1848 784 1111771111-

1052 813 1159 871 schaft.
1176 815 1209 869 ln
1226 813 1290 869 drei
1304 813 1474 888 Aufzugen.
1492 809 1522 890 (i.
1540 831 1567 869 e.
1584 811 1764 880 hlaxalende
1777 833 1848 871 eren·

1052 918 1132 994 plum
1148 913 1351 995 virginitatis.)
1368 914 1558 991 Vorgestellt
1582 915 1642 971 den
1659 931 1709 973 21.
1725 915 1791 991 Aug.
1809 939 1848 975 101

1052 1021 1106 1078 der
1123 1021 1316 1078 studirenden
1331 1021 1448 1096 Jugend
1466 1023 1495 1077 in
1513 1020 1606 1077 Melk.
1635 1034 1681 1094 17.
1697 1020 1768 1095 Aug.
1785 1037 1848 1096 1700.

1053 1126 1151 1183 Folio.

1139 1235 1455 1309 Winterhalder
1479 1247 1741 1309 Raimundus
1767 1246 1849 1329 (San-

1052 1364 1300 1446 Blasianus).
1324 1364 1438 1426 Natus
1455 1373 1511 1426 est
1524 1365 1561 1426 in
1576 1366 1800 1448 Furtwangen
1810 1367 1848 1428 die

1053 1492 1082 1551 3.
1099 1487 1189 1551 Nov.
1211 1507 1306 1568 1720,
1332 1485 1551 1550 sollemniter
1576 1487 1754 1569 professus
1774 1489 1816 1550 die
1831 1510 1848 1552 1.

1052 1608 1140 1671 Maii
1156 1629 1252 1691 1740,
1265 1611 1433 1672 sacerdos
1446 1611 1633 1673 ordinatus
1647 1611 1847 1674 (1101111110.

1058 1736 1148 1810 1746.
1173 1729 1291 1813 Supra
1306 1742 1387 1794 octo
1408 1751 1520 1794 annos
1537 1731 1717 1813 professor
1731 1732 1849 1813 philoso

1053 1852 1173 1934 phiam
1201 1862 1237 1915 et
1264 1853 1481 1935 theologiam
1511 1853 1662 1916 tradidit
1692 1853 1848 1915 iunioribus

1055 1974 1302 2056 confratribus,
1318 1994 1383 2056 pro
1399 1974 1526 2036 merito
1548 1975 1632 2036 dein
1654 1975 1810 2056 parochus
1826 1974 1850 2034 in

1056 2094 1328 2158 Grafenhausen
1351 2116 1417 2177 per
1438 2115 1552 2158 annos
1573 2106 1733 2177 quatuor,
1755 2097 1851 2157 subde·

1057 2238 1166 2281 canus
1187 2219 1289 2280 annis
1309 2219 1433 2300 tribus,
1456 2218 1620 2299 superior
1644 2219 1679 2280 in
1695 2218 1851 2280 Todtmoos

1057 2340 1206 2424 integris
1218 2341 1383 2403 undecim
1395 2341 1508 2422 anniS,
1527 2343 1660 2404 cultum
1672 2342 1851 2403 thaumatur-

1056 2483 1124 2545 gae
1152 2463 1301 2545 virginis
1332 2474 1368 2525 et
1399 2482 1473 2525 rem
1504 2463 1715 2525 familiarem
1739 2463 1852 2524 multum

1055 2585 1246 2666 promovit;
1263 2585 1492 2667 praepositus
1504 2585 1652 2647 Berovii
1667 2604 1734 2647 uno
1748 2594 1851 2646 tantun

1056 2727 1159 2788 ann0,
1182 2708 1263 2769 dein
1279 2728 1390 2790 grave
1412 2707 1568 2770 officium
1591 2707 1716 2770 decani
1735 2725 1851 2769 conven-

1056 2838 1113 2891 tus
1130 2849 1156 2891 0.
1174 2829 1286 2891 Blasii
1303 2829 1471 2911 suscepit,
1490 2829 1548 2891 cui
1565 2849 1647 2892 curn
1659 2829 1756 2891 annis
1769 2827 1852 2890 tribus

1056 2951 1334 3013 laudabilissime
1355 2950 1583 3032 praefuisset,
1607 2950 1853 3032 praeposituram

1056 3072 1353 3135 Gurtwihlensem
1367 3072 1522 3135 obtinuit
1540 3091 1692 3154 eamque
1704 3070 1853 3150 annisplu·

1055 3194 1154 3256 ribus
1171 3193 1442 3275 administravit,
1458 3193 1577 3256 fidelis
1594 3204 1631 3255 et
1647 3203 1821 3267 accuratus,
1833 3188 1852 3250 si

1057 3315 1136 3397 quis
1153 3315 1243 3378 alius
1261 3315 1521 3396 Blasianorum,
1538 3315 1575 3377 in
1592 3313 1805 3378 conficiendis
1816 3332 1853 3374 ra·

1057 3438 1221 3502 tiociniis
1246 3438 1442 3519 Postquam
1465 3440 1512 3499 ob
1529 3438 1765 3500 valetudinem
1781 3436 1853 3496 inex·

1058 3560 1260 3641 plicabilem
1286 3578 1529 3621 successorem
1558 3559 1593 3621 in
1621 3558 1736 3622 officio
1759 3567 1853 3620 nactus

1059 3693 1124 3763 est,
1139 3703 1160 3743 a
1177 3681 1270 3744 curis
1283 3679 1527 3743 saecularibus
1539 3680 1631 3743 liber
1643 3680 1733 3743 inter
1742 3676 1854 3760 pietatis

1059 3823 1169 3885 opera
1204 3802 1432 3884 praepositus
1467 3802 1639 3866 emeritus
1674 3799 1854 3866 Gurtwihlae

1059 3925 1147 3988 obiit
1165 3924 1222 3986 die
1243 3945 1290 3987 10.
1307 3923 1394 3987 Dec.
1412 3923 1498 3985 anni
1517 3943 1610 4003 1794.

1145 4046 1315 4128 Sequitur
1331 4045 1407 4108 eius
1424 4045 1720 4126 manuscriptum:

1144 4173 1285 4230 Visitatio
1310 4172 1462 4246 generalis
1484 4173 1695 4246 expositorum
1717 4166 1855 4226 monasterii

1058 4292 1088 4334 et
1109 4278 1357 4352 congregationis
1382 4295 1406 4332 s.
1429 4275 1519 4331 Blasii
1544 4293 1625 4332 anno
1652 4288 1730 4348 1770
1751 4284 1854 4350 peracta.

1057 4384 1199 4445 Continet
1215 4379 1255 4460 (in
1272 4379 1357 4460 folio)
1373 4383 1500 4456 paginas
1524 4393 1600 4451 133,
1623 4393 1655 4436 et
1670 4379 1827 4436 adservatur
1837 4377 1856 4427 in

1058 4488 1182 4542 archivo
1199 4485 1411 4543 San-Paulano
1428 4486 1484 4540 uo.
1506 4481 1578 4556 169.

1145 4596 1418 4669 Winterkorn
1454 4608 1723 4670 Alexander
1753 4606 1856 4667 Anto

1059 4724 1150 4786 nius
1168 4726 1228 4805 (de
1242 4725 1422 4786 sMonte
1437 4724 1707 4806 Pannoniae),
1723 4720 1857 4784 111101111-

1058 4847 1130 4908 bek
1146 4866 1233 4910 com.
1250 4845 1347 4908 Pest.
1369 4846 1404 4908 in
1425 4845 1616 4928 Hungaria
1641 4848 1697 4910 die
1723 4850 1766 4909 15.
1781 4843 1857 4906 Febr.

1064 4973 1143 5046 1824
1160 4977 1275 5048 natus,
1292 4987 1319 5032 0.
1335 4967 1462 5030 habitu
1479 4968 1538 5031 die
1560 4975 1608 5032 15.
1625 4969 1724 5052 Sept.
1744 4963 1858 5044 181311·

1061 5092 1177 5170 11111110,
1194 5088 1251 5150 die
1268 5090 1392 5152 131111.
1410 5094 1494 5152 1850
1511 5092 1697 5154 sollemnia
1709 5102 1786 5154 vota
1800 5082 1858 5148 emi·

1061 5212 1106 5274 sit
1129 5220 1165 5274 et
1188 5213 1313 5272 eodem
1339 5231 1434 5274 anno
1459 5213 1519 5275 die
1543 5220 1574 5278 6.
1590 5215 1696 5297 Aug,
1721 5205 1859 5275 absolutis

1061 5335 1096 5396 in
1109 5353 1135 5396 s.
1145 5342 1263 5394 monte
1275 5351 1302 5395 s.
1315 5332 1524 5416 theologiae
1541 5337 1680 5418 studiiS,
1695 5327 1858 5397 sacerdotio

1061 5456 1217 5519 initiatus
1238 5463 1302 5516 est.
1327 5453 1384 5515 Ex
1400 5474 1445 5518 eo
1461 5457 1648 5538 professor
1668 5459 1703 5522 in
1721 5478 1747 5520 s.
1762 5460 1860 5524 monte,
