4088 6270
996 461 1060 524 Lu
1104 499 1140 506 -

158 687 206 747 ad
225 705 252 748 s.
269 686 456 768 Petrum¹)‚
480 686 513 748 in
531 706 601 767 qua
622 687 834 767 scriptorum
851 686 1039 749 latinorum
1056 705 1243 767 rerumque
1259 687 1589 750 mathematicarum
1605 688 1725 752 studia
1741 709 1881 753 assume·

159 826 298 905 bantur,
323 843 412 905 quas
435 824 610 888 Alcuinus
634 825 758 888 scribit
781 824 920 887 Arnoni
943 824 1165 887 necessarias
1188 843 1268 886 esse
1297 825 1343 886 ad
1367 824 1540 887 rationem
1564 826 1754 908 mysticam
1776 848 1882 891 nume·

158 982 275 1026 rorum
299 963 333 1025 in
358 962 487 1025 divinis
510 963 638 1025 litteris
660 963 727 1025 rite
751 962 1020 1045 intelligendam
1035 965 1069 1044 ²).
1107 962 1242 1045 Magna
1265 982 1344 1025 cum
1366 963 1472 1026 laude
1496 962 1662 1046 discipuli
1677 967 1725 1027 ab
1743 965 1882 1029 Alcuino

158 1101 257 1164 missi
280 1100 432 1164 docendi
455 1120 600 1163 munere
622 1100 865 1184 fungebantur
877 1103 913 1181 ³).

288 1239 404 1301 Etiam
428 1241 472 1301 de
496 1258 658 1302 sermone
682 1240 867 1321 epistolico
896 1250 1003 1321 atque
1026 1239 1159 1302 forensi
1183 1250 1379 1321 praecepta
1402 1241 1637 1303 tradebantur
1665 1250 1776 1323 atque
1804 1243 1883 1305 haec

158 1397 289 1459 magna
312 1397 396 1458 pars
420 1387 496 1440 erat
519 1377 760 1441 institutionis.
799 1379 840 1441 In
864 1389 1023 1441 veterum
1046 1387 1233 1460 poetarum
1258 1387 1294 1440 et
1317 1377 1537 1441 ethnicorum
1560 1387 1597 1441 et
1620 1378 1884 1442 christianorum

159 1514 301 1596 scriptis
324 1514 504 1577 imitandis
528 1525 698 1596 quantum
721 1515 921 1597 profectum
944 1517 1000 1597 sit,
1024 1516 1177 1579 maxime
1200 1515 1410 1598 intelligitur
1426 1534 1473 1577 ex
1488 1516 1594 1597 nugis
1615 1516 1779 1599 poeticis,
1803 1536 1885 1599 quae

159 1661 313 1734 exstant,
338 1653 470 1715 saeculi
494 1652 577 1715 noni
591 1655 625 1734 4).

288 1790 423 1872 Magna
446 1792 589 1854 scholae
613 1790 881 1853 monasteriales
905 1801 1121 1872 acceperunt
1144 1791 1371 1871 incrementa,
1401 1811 1481 1854 cum
1505 1811 1551 1853 ex
1575 1794 1723 1856 decreto
1747 1791 1886 1856 Concilii

159 1928 463 2012 Aquisgranensis
488 1934 547 2008 817
574 1928 784 2010 disciplinae
808 1949 916 1991 causa
940 1929 1183 1992 dividerentur
1215 1930 1249 1991 in
1274 1929 1470 1992 exteriores
1493 1929 1614 2013 pueris
1637 1930 1753 2013 laicis;
1782 1941 1818 1994 et
1844 1931 1888 1992 in·

160 2067 310 2129 teriores
326 2067 446 2149 pueris
463 2067 593 2129 oblatis
610 2066 817 2131 destinatas.
848 2066 895 2128 Hi
919 2067 954 2128 in
978 2066 1136 2148 capitulo
1152 2066 1282 2129 erudiri
1298 2066 1392 2130 soliti
1407 2067 1730 2150 magistrorumque
1747 2088 1889 2132 severae

158 2206 342 2267 custodiae
366 2206 500 2268 subditi
514 2208 537 2286 5)
567 2226 637 2269 non
661 2207 772 2269 solum
796 2207 921 2268 habitu
943 2206 1150 2288 vestituque
1173 2207 1424 2269 monachorum
1449 2206 1605 2289 speeiem
1629 2227 1717 2289 prae
1740 2227 1780 2271 se
1805 2208 1889 2270 fere·

158 2348 254 2425 bant,
280 2346 343 2407 sed
360 2345 467 2407 etiam
482 2346 589 2407 rebus
606 2345 736 2407 divinis
752 2345 969 2428 peragendis
985 2355 1093 2428 atque
1110 2346 1144 2407 in
1162 2347 1269 2408 choro
1286 2347 1414 2408 adesse
1431 2346 1622 2410 debebant.
1654 2344 1889 2427 Quamobrem

158 2485 409 2547 monachorum
443 2503 589 2546 numero
622 2485 861 2565 habebantur,
899 2483 1041 2547 nomina
1072 2494 1290 2546 mortuorum
1324 2483 1360 2545 in
1395 2482 1599 2565 necrologia
1636 2482 1891 2564 referebantur,

157 2641 284 2704 preces
312 2630 420 2702 atque
447 2622 577 2684 missae
610 2620 784 2684 sacrificia
811 2623 1109 2704 persolvebantur
1122 2622 1156 2703 ⁶).
1196 2621 1394 2684 Exterioris
1425 2621 1567 2683 scholae
1599 2620 1791 2703 disciplina
1821 2622 1892 2685 fere

160 2761 284 2821 eadem
309 2768 395 2841 erat,
419 2780 511 2841 quae
535 2760 721 2841 interioris,
754 2780 832 2822 curn
861 2760 896 2822 in
918 2760 1015 2823 vitae
1042 2760 1231 2843 religiosae
1260 2760 1482 2823 institutione
1513 2759 1667 2823 maxime
1698 2760 1770 2823 sita
1801 2772 1893 2824 esset

161 2897 273 2960 omnis
298 2898 473 2961 educatio.
506 2897 670 2961 Vestitus
692 2897 953 2961 monasterialis
977 2900 1111 2960 aberat.

287 3035 367 3097 Non
391 3045 512 3117 potest
534 3055 599 3117 pro
623 3046 721 3099 certo
744 3035 922 3117 affirmari,
951 3058 1033 3099 num
1057 3038 1202 3100 decreta
1225 3037 1364 3100 concilii
1388 3038 1695 3120 Aquisgranensis
1717 3040 1894 3103 valuerint

159 3175 265 3238 etiam
294 3175 329 3236 in
361 3174 505 3255 scholiS,
537 3194 629 3255 quae
662 3184 764 3237 erant
791 3175 984 3238 Lunaelaci
999 3178 1033 3256 ⁷),
1066 3174 1304 3256 Cremifani⁸)‚
1338 3176 1482 3239 Indicae
1496 3180 1531 3257 ⁹),
1563 3177 1708 3258 Augiae
1736 3178 1893 3255 Maioris

289 3367 309 3446 ι)
334 3370 445 3436 Friess‚
471 3368 596 3426 Studien
619 3369 637 3425 Ι.
663 3390 689 3426 c.
714 3369 737 3425 Ι.

287 3480 309 3558 ²)
333 3481 506 3556 Zeissberg‚
530 3480 683 3538 Vorleben
706 3482 760 3538 des
785 3480 981 3539 Erzbischofs
1004 3483 1084 3538 Arns
1108 3502 1169 3538 von
1192 3480 1349 3556 Salzburg.

287 3593 310 3671 3)
334 3595 366 3649 ln
390 3593 467 3650 libro
492 3595 767 3652 confoederationis
791 3615 816 3651 s.
841 3597 921 3652 Petri
945 3596 973 3650 hi
997 3596 1135 3672 discipuli
1159 3596 1278 3655 Alcuini
1302 3597 1509 3652 nominantur:
1541 3595 1646 3652 Wizzo
1672 3597 1720 3653 vel
1742 3597 1894 3654 Candidus

158 3703 346 3785 (Pernfried).
371 3705 563 3772 Adalbertus,
588 3706 647 3763 alii.

287 3816 309 3894 ⁴)
335 3818 498 3884 Diimmler‚
523 3819 664 3892 Beitraige
679 3837 732 3874 zur
747 3818 932 3875 Geschichte
948 3818 1002 3874 des
1020 3817 1228 3876 Erzbisthums
1244 3819 1394 3895 Salzburg
1409 3823 1447 3876 im
1466 3822 1517 3876 lx.
1534 3819 1582 3878 bis
1600 3822 1667 3877 XII.
1684 3822 1895 3898 Jahrhundert.

287 3927 309 4008 5)
334 3930 500 4006 Disciplina
523 3944 589 3986 crat
605 3933 796 3988 severissima
817 3931 988 4006 multusque
1005 3933 1034 3987 in
1050 3933 1153 4007 pueris
1170 3933 1333 3989 educandis
1357 3931 1455 3989 baculi
1473 3952 1555 3990 usus.
1587 3934 1620 3989 In
1637 3931 1758 4008 legibus
1775 3935 1896 3991 Clunia·

157 4045 290 4099 censium
308 4040 483 4121 (d’Achery,
500 4041 695 4119 Spicilegium
712 4042 743 4121 4)
767 4046 811 4101 sic
827 4056 968 4100 statutum
987 4057 1068 4100 erat:
1093 4047 1178 4119 pueri
1206 4047 1252 4116 „in
1276 4045 1342 4101 sola
1366 4047 1488 4102 camisia
1509 4046 1675 4102 caeduntur
1690 4046 1740 4102 vel
1756 4066 1775 4103 a
1792 4048 1896 4104 Priore

156 4156 206 4211 vel
229 4174 247 4210 a
271 4157 418 4229 magistro
442 4173 544 4211 eorum
569 4158 662 4230 virgis
685 4158 822 4213 vimineis
845 4155 962 4212 lenibus
986 4170 1016 4212 et
1039 4155 1186 4214 teretibus
1209 4158 1326 4214 adhoc
1348 4160 1510 4234 provisis“.
1542 4158 1575 4213 In
1596 4159 1700 4232 glossa
1723 4158 1762 4215 ad
1783 4179 1849 4235 reg.
1874 4180 1897 4216 s.

158 4268 311 4324 Benedicti
335 4265 421 4346 (Cod.
445 4270 504 4343 pal.
521 4267 692 4327 Vindobon.
717 4271 772 4325 Νο.
799 4268 893 4348 2968)
917 4269 992 4326 haec
1015 4282 1100 4326 sunt:
1128 4269 1204 4339 „Ain
1220 4271 1391 4345 yedleiches
1415 4270 1490 4326 alter
1513 4271 1589 4327 oder
1604 4272 1838 4328 verstentichait
1852 4272 1897 4328 sol

157 4383 182 4436 ir
204 4383 293 4455 aigen
317 4400 398 4436 mass
422 4379 529 4447 haben,
555 4381 613 4436 und
630 4379 754 4437 darumb
771 4381 815 4437 als
832 4380 876 4439 ost
891 4381 939 4437 die
955 4380 1062 4437 kinder
1085 4380 1160 4436 oder
1175 4381 1224 4437 die
1240 4384 1346 4456 iunget
1362 4383 1439 4436 scint
1458 4400 1504 4437 am
1522 4382 1607 4449 elter‚
1625 4382 1700 4437 oder
1718 4382 1768 4438 die
1785 4383 1899 4439 minder

157 4510 283 4566 muegen
297 4505 428 4558 versten,
442 4495 498 4548 wie
514 4511 605 4566 gross
621 4493 668 4549 die
684 4494 753 4568 pein
770 4492 823 4548 der
839 4495 1093 4566 vermainsagung
1110 4510 1198 4566 mueg
1214 4495 1288 4559 sein,
1306 4493 1411 4559 solich‚
1429 4512 1515 4548 wenn
1531 4495 1575 4549 sie
1592 4512 1695 4549 muecz
1713 4507 1785 4550 tuen
1803 4495 1898 4551 sullen

156 4604 346 4678 geschestigt
355 4604 486 4672 werden,
497 4607 549 4660 mit
558 4623 695 4678 grossem
704 4618 809 4661 vasten
819 4605 894 4660 oder
907 4619 1048 4678 twungen
1056 4605 1179 4660 werden
1192 4607 1244 4660 mit
1253 4605 1358 4661 harten
1371 4605 1485 4679 slegen‚
1495 4606 1550 4661 daz
1562 4607 1606 4661 sie
1619 4605 1733 4680 geheilt
1744 4607 1896 4665 werden.“

289 4711 312 4792 ⁶)
336 4717 435 4790 Hagn‚
461 4716 588 4772 Wirken
612 4716 666 4773 der
690 4715 1007 4772 Benedictiner·Abtei
1033 4719 1285 4772 Kremsmdnster.

289 4826 311 4904 7)
334 4829 498 4885 Lunaelaci
522 4829 656 4885 scholam
681 4828 774 4885 fuisse
798 4848 835 4884 eo
860 4828 984 4904 probari
1008 4828 1140 4895 videtur,
1165 4829 1246 4904 quod
1270 4830 1357 4903 primi
1382 4829 1521 4884 monachi
1545 4848 1562 4885 e
1586 4832 1772 4886 monasterio
1798 4832 1899 4888 Cassi·

160 4941 244 4995 nensi
270 4952 357 4994 erant
379 4942 478 4996 acciti.

289 5045 311 5130 8)
343 5049 483 5107 Scholam
517 5053 769 5109 Cremiianensem
799 5053 1028 5126 Carolingorum
1061 5064 1161 5108 aetate
1193 5054 1249 5108 iam
1280 5054 1432 5108 exstitisse
1460 5052 1565 5106 volunt
1596 5051 1728 5126 probare
1760 5073 1799 5110 ex
1832 5056 1899 5110 loco

163 5161 317 5219 Meibomii
342 5167 481 5239 scriptor.
508 5185 565 5221 rer.
590 5166 662 5221 Ger.
688 5165 750 5231 ΙΙΙ.,
776 5166 826 5238 qui
851 5166 881 5219 in
904 5164 1067 5238 diplomate
1092 5163 1274 5220 fundationis
1298 5183 1358 5220 non
1383 5167 1539 5220 invenitur.

287 5274 309 5354 ⁹)
333 5277 392 5332 Pro
417 5278 520 5333 schola
544 5278 713 5333 lnnichensi
742 5276 769 5331 id
793 5275 891 5331 afferri
917 5294 1009 5350 posse
1033 5276 1168 5342 videtur,
1201 5276 1283 5351 quod
1306 5275 1402 5332 abbas
1426 5273 1539 5341 Aribo,
1572 5277 1618 5330 vir
1649 5276 1847 5335 doctissimus
1883 5298 1899 5333 e

159 5391 344 5443 monasterio
371 5388 581 5445 Scharnicensi
607 5390 769 5444 monachos
792 5389 912 5443 accivit.
