4088 6270
603 477 885 565 ..183-

139 686 187 743 md
203 687 252 744 die
266 686 355 744 Mark
370 687 424 743 der
439 685 656 762 Babenberger
672 689 701 743 in
780 682 932 759 Leopoldi
948 680 1101 762 munifici.)
1124 684 1200 741 Loc.
1224 686 1273 741 cit.
1296 704 1325 761 p.
1346 680 1524 757 161-165,
1548 697 1607 756 245

146 792 207 849 und
223 791 474 868 urspriinglichen
486 789 699 866 Abgrenzung.
780 801 896 861 -251.
1202 878 1205 884 .

139 896 293 954 llellicensi
316 909 347 953 et
362 896 567 953 marchionatu
583 894 701 953 Baben·
866 893 962 950 XVll.
972 892 1073 951 Ueber
1082 892 1129 950 die
1139 893 1289 950 Herkunlt
1301 893 1354 950 der
1363 894 1610 951 osterreichisch·

139 1019 175 1058 ›c.
193 1002 243 1058 cit.
265 999 355 1074 1870.
781 993 1063 1072 babenbergischen
1091 998 1230 1055 Ftirsten.
1258 996 1287 1077 (i.
1314 1016 1340 1055 e.
1369 1000 1416 1056 De
1442 1000 1610 1075 principum

781 1098 1262 1176 austriaco-babenbergensium
1290 1099 1429 1180 origine.)
1456 1103 1531 1159 Loc.
1560 1104 1610 1160 cit.

780 1205 883 1280 Jahrg.
905 1203 994 1279 1876.
1012 1226 1042 1282 p.
1064 1220 1197 1280 19—25.

153 1123 353 1181 erziehlichen
367 1123 522 1180 Elemente
543 1124 642 1198 liegen
662 1126 700 1180 im

139 1228 246 1293 richte‚
264 1226 324 1283 und
336 1228 393 1283 wie
405 1227 479 1283 lasst
491 1229 554 1284 sich
568 1227 621 1284 das
634 1227 701 1285 dem

867 1327 914 1384 De
935 1345 973 1384 eo
993 1326 1111 1385 confer:
1132 1328 1236 1386 Heller
1252 1327 1384 1385 Ambros
1399 1328 1469 1386 Ant.
1494 1329 1611 1386 Nekro-

783 1431 834 1505 log
856 1450 917 1488 von
942 1430 1043 1488 Anton
1067 1433 1181 1508 Mayer.
1209 1433 1285 1490 Loe.
1311 1434 1360 1490 cit.
1387 1434 1491 1509 Jahrg.
1520 1430 1610 1508 1876.

782 1555 811 1612 n·
828 1537 1010 1611 ass—358·

867 1684 1011 1758 Heller
1033 1694 1191 1760 Vitalis
1217 1695 1470 1781 (Scotensis),
1498 1699 1534 1762 in
1561 1700 1612 1762 vi·

782 1822 856 1876 tam
872 1812 1054 1898 ingressus
1071 1826 1126 1878 est
1141 1815 1303 1879 Viennae
1328 1816 1362 1879 in
1383 1818 1531 1881 Aust-ria
1555 1819 1612 1883 die

139 1332 248 1389 tteckte
270 1332 333 1388 Ziel
357 1327 533 1388 erreichen?
557 1328 587 1408 (i.
605 1351 632 1388 e.
654 1334 701 1390 De

139 1458 144 1492 ι
159 1438 189 1493 in
205 1433 436 1514 educationem.)
452 1437 528 1494 Loc.
542 1437 592 1495 cit.
610 1434 700 1511 1875.

165 1558 223 1615 den
250 1557 319 1615 Gau
342 1556 519 1615 Grunzwiti.
550 1554 580 1636 (i.
604 1578 630 1615 e.
654 1560 702 1615 De

139 1659 211 1742 ensi.)
227 1664 261 1719 In
274 1663 331 1719 den
344 1662 478 1719 stenem
489 1663 543 1719 des
555 1663 702 1720 Vereines

139 1769 161 1825 Le
184 1768 213 1823 in
236 1767 524 1824 Niederosterreich.
548 1768 703 1843 Jahrgang

140 1887 211 1930 210.

139 1996 182 2051 [er
202 1995 262 2033 von
282 1976 440 2033 Pdchlarn.
466 1977 522 2032 Ein
543 1977 704 2033 kritischer
787 1936 942 2020 ¹⁶'Aug·
961 1942 1051 2016 1778.
1069 1937 1455 2022 Qnicum·pesaliqu⁰t
1471 1951 1611 2024 tempus

783 2059 935 2143 collegio
951 2071 1091 2142 patrum
1104 2061 1242 2144 piarum
1254 2063 1452 2126 scholarum
1466 2061 1613 2128 Cremsii

783 2180 910 2245 fuisset
923 2183 1134 2265 adscriptus,
1152 2203 1178 2247 s.
1192 2183 1231 2246 P.
1245 2203 1278 2249 n.
1291 2183 1479 2247 Benedicti
1496 2195 1613 2248 castra

784 2313 927 2366 secutus
944 2324 971 2367 s.
983 2303 1108 2373 habitu
1123 2305 1267 2369 indutus
1284 2317 1339 2369 est
1351 2308 1386 2369 in
1399 2310 1613 2371 monasterio

784 2424 825 2488 B.
842 2425 890 2488 M.
907 2425 951 2490 V.
968 2427 1014 2488 ad
1030 2424 1159 2490 Scotos
1176 2428 1339 2491 Viennae
1360 2450 1406 2509 17.
1425 2429 1504 2494 Oct.
1522 2435 1612 2512 1801,

784 2547 844 2611 ubi
877 2553 927 2612 28.
959 2546 1038 2612 Oct.
1074 2553 1152 2612 1802
1186 2551 1399 2614 sacramenti
1434 2552 1613 2615 sollemnis

142 2080 279 2156 shellung
295 2081 395 2138 dieses
411 2081 551 2137 Namens.
569 2077 599 2157 (i.
613 2100 639 2137 e.
656 2081 704 2137 De

139 2186 242 2253 :hlarm
259 2186 429 2261 disquisitio
446 2183 611 2264 historica.)
627 2186 703 2243 Loc.

142 2304 169 2365 7.

145 2396 228 2470 Burg
250 2395 417 2452 Hoheneck
442 2397 471 2451 in
494 2392 703 2451 Niederdster·

139 2500 337 2556 1Hoheneck
363 2501 390 2554 in
406 2499 529 2556 Austria
550 2497 703 2577 inferiori.)

159 2601 248 2676 1874·
266 2622 296 2679 1>-
315 2617 495 2677 245-270·

139 2705 275 2782 tterburg
288 2709 316 2763 in
328 2707 616 2765 Niederdsterreich.
633 2704 662 2784 (i.
677 2727 703 2764 e.

160 2809 292 2890 ibidem.)
316 2813 392 2869 Loc.
414 2815 464 2869 cit.
488 2813 591 2888 Jahrg.
614 2811 703 2886 1875.

785 2669 976 2752 sponsione
1007 2689 1130 2735 sacrae
1162 2691 1201 2735 se
1231 2672 1384 2736 familiae
1412 2674 1612 2737 adstrinxit.

784 2791 955 2855 Primitiis
978 2811 1063 2854 vero
1089 2797 1117 2857 8.
1139 2794 1243 2876 April
1272 2798 1352 2872 1804
1376 2793 1455 2857 Deo
1479 2795 1613 2877 optimo

785 2912 924 2994 oblatis,
948 2914 1207 2978 concionatoris
1224 2915 1386 2979 matutini
1404 2917 1486 2981 dein
1503 2916 1615 2980 curati

144 3039 198 3077 ³¹¹⁵
215 3021 269 3077 der
285 3021 524 3097 Donaugegend.
550 3016 580 3098 (i.
597 3040 623 3077 e·
645 3022 705 3077 Le·
786 3045 821 3098 et
842 3035 1101 3100 concionatoris
1120 3039 1286 3101 ordinarii
1307 3058 1451 3103 munere
1472 3038 1614 3103 functus

139 3124 244 3182 onibus
271 3125 401 3183 Danubii
430 3123 598 3204 collectae.)
628 3124 704 3182 Loc.

139 3252 151 3298 's
170 3244 349 3304 293-297·

139 3335 235 3391 chloss
247 3333 441 3392 Schonbuhel
455 3337 483 3391 in
495 3335 705 3392 Niederdster·

786 3157 893 3221 estin
909 3159 1124 3223 monasterio
1144 3163 1321 3224 1806—12.
1345 3159 1450 3223 Unde
1474 3159 1509 3222 in
1533 3163 1615 3223 sub-

785 3279 923 3343 urbium
939 3282 985 3343 ad
1002 3301 1027 3343 s.
1041 3280 1247 3344 Udalricum
1259 3282 1387 3344 missus
1404 3290 1615 3363 cooperator

139 3468 141 3490 ἰ
166 3458 237 3496 arce
259 3437 453 3496 Semnbfihel
470 3443 499 3496 in
519 3440 642 3497 Austsia
664 3443 706 3496 in,
785 3401 865 3484 fuit,
889 3422 1055 3485 magnam
1079 3402 1271 3485 praecipue
1298 3403 1332 3466 in
1359 3405 1471 3466 verbo
1497 3403 1616 3466 divino

139 3544 167 3600 it.
189 3563 218 3619 p.
238 3542 374 3616 71-86,
401 3542 578 3618 186—196,
602 3558 707 3617 271—

139 3645 180 3712 76.
198 3667 227 3723 p.
245 3646 382 3720 55—67‚
405 3662 580 3720 192—201.

139 3753 191 3809 ich
205 3754 238 3820 1..
256 3753 415 3827 lllarkgral
427 3772 486 3809 von
500 3753 705 3821 Oesterreich‚

787 3524 1027 3607 praedicando
1055 3525 1222 3588 virtutem
1250 3536 1447 3607 praestans.
1479 3526 1616 3589 Ibidem

787 3617 889 3710 mors⁶
898 3666 977 3709 eum
993 3646 1149 3728 abstulit,
1171 3652 1217 3711 13.
1234 3648 1307 3710 Ian.
1330 3652 1407 3710 1822
1427 3665 1537 3710 annos
1555 3667 1615 3710 na-

787 3780 861 3833 tum
876 3774 928 3847 43.

139 3900 141 3912 .
166 3853 196 3935 (i.
219 3875 245 3913 e.
269 3857 418 3914 Henricus
441 3858 463 3915 I.
489 3857 621 3914 marchio
643 3856 706 3912 Au·

139 4004 149 4018 .
165 3962 268 4037 Jahrg.
290 3962 379 4035 1873.
397 3982 427 4038 p.
446 3961 626 4036 283-309·

138 4082 225 4150 lbert,
247 4084 406 4159 lllarkgral
423 4103 482 4141 von
500 4084 705 4151 Oesterreich‚

873 3909 986 3993 Typis
1004 3909 1128 3972 edidit:

873 4055 895 4110 l.
920 4050 1061 4129 Syllabus
1085 4053 1318 4128 chronologicus
1341 4072 1386 4109 aa.
1410 4072 1448 4109 rr.
1470 4072 1521 4128 pp.
1543 4070 1615 4108 con·

139 4185 165 4266 [i.
180 4207 206 4245 e·
220 4188 412 4256 Adalberms'
426 4189 559 4246 marchio
568 4189 706 4245 Austri&
787 4160 985 4224 cionatorum,
999 4159 1049 4232 qui
1064 4172 1133 4232 post
1146 4157 1302 4214 decessum
1320 4175 1359 4212 rr.
1377 4176 1428 4232 pp.
1446 4155 1615 4232 Capucino·

147 4292 361 4369 Jahrg.1874.
386 4313 415 4369 p.
442 4309 619 4367 117-133,
645 4291 706 4351 216

143 4394 193 4454 26·
788 4366 880 4424 clesia
900 4367 1001 4422 huiate
1016 4365 1150 4422 Viennae
1166 4366 1199 4421 B.
1216 4367 1255 4422 M.
1272 4365 1308 4422 V.
1330 4365 1366 4422 ad
1383 4363 1496 4422 Scotos
1512 4383 1549 4421 ex
1565 4382 1615 4420 or·

788 4471 856 4528 dine
873 4484 977 4528 nostro
994 4489 1018 4527 s.
1031 4471 1064 4526 P.
1078 4470 1229 4527 Benedicti
1244 4468 1328 4526 verbi
1344 4469 1434 4526 diuini
1447 4487 1616 4545 praecones

786 4282 850 4318 rum
867 4276 955 4318 antea
972 4280 1094 4319 munere
1112 4262 1169 4318 hoc
1186 4264 1309 4336 egregie
1326 4260 1493 4318 functorum
1515 4263 1544 4316 in
1565 4277 1615 4315 ec·

152 4502 296 4558 Ostmark
320 4521 373 4557 zur
393 4503 458 4558 Zeit
484 4505 591 4559 Kaiser
616 4503 708 4559 Hein-

141 4624 156 4661 r
179 4604 323 4662 Schlacht
345 4625 382 4662 an
403 4606 457 4662 der
474 4607 605 4665 Unstrut.
631 4605 660 4685 (i.
682 4626 708 4664 e.

139 4710 165 4768 kd
191 4714 338 4768 orientem
366 4715 440 4769 situs
466 4725 602 4789 tempore
627 4714 709 4770 Heu.
876 4699 913 4754 ll.
931 4697 1103 4754 Conciones
1118 4698 1234 4752 varias:
1250 4693 1394 4751 Lobrede
1414 4693 1467 4750 aul
1479 4694 1537 4751 den
1553 4695 1616 4751 hei·

139 4818 171 4874 it.
188 4836 217 4893 p.
237 4830 417 4890 275—302.
763 4860 768 4867 ,
789 4804 869 4877 ligen
885 4800 1056 4875 Gregorius
1077 4801 1106 4855 in
1123 4796 1340 4856 Gaunersdors.
1361 4798 1504 4865 Viennae,
1525 4795 1616 4855 1806.

139 4921 341 4997 irgeschichte
363 4922 391 4976 in
412 4921 465 4977 des
486 4923 550 4978 Zeit
570 4922 727 4998 Leopold·
791 4906 889 4981 Typis
910 4905 991 4960 loan.
1009 4903 1068 4959 Th.
1085 4900 1156 4959 nob.
1173 4902 1210 4959 de
1227 4901 1382 4959 Trattner.
1408 4934 1451 4943 -
1474 4900 1616 4958 Lobrede

139 5042 185 5080 .e.
198 5023 334 5080 Historia
351 5024 468 5081 humani
485 5026 581 5082 cultus
598 5027 709 5084 civilis.
789 5008 842 5067 aul
855 5010 913 5065 den
929 5007 1060 5082 heiligen
1075 5007 1234 5064 Florianus
1256 5002 1353 5082 (conc.
1370 5001 1501 5084 primic).
1526 5005 1616 5062 Vien-

139 5127 228 5204 ‚poldff
246 5126 364 5206 saum)
389 5130 465 5186 Loe,
483 5132 533 5186 cit.
556 5131 710 5207 Jahsgang
789 5132 855 5179 nae,
877 5110 966 5169 1810.
984 5108 1482 5187 Typishered.nob.deGl1elen.

139 5247 178 5300 ;2‚
199 5246 375 5305 114-125.
876 5234 928 5290 lll.
950 5231 1075 5308 Gesang
1095 5230 1148 5288 aul
1164 5233 1231 5289 eine
1247 5229 1617 5306 Firmungsseierlichkeit.

139 5336 280 5393 Ostmark
296 5351 382 5393 unter
395 5338 534 5414 Leopold
547 5339 612 5395 dem
626 5340 709 5396 Frei-
790 5335 819 5417 (i.
837 5357 863 5396 e.
880 5339 1009 5396 Carmen
1025 5339 1053 5393 in
1070 5336 1269 5393 sollemnitate
1288 5332 1543 5413 confirmationis.)
1560 5334 1616 5390 Am

142 5441 367 5498 Marchionatus
387 5442 424 5498 ad
442 5447 587 5501 orientem
604 5442 710 5501 diebus
791 5456 841 5517 27.
859 5443 940 5499 Marz
962 5441 1052 5500 1812.

789 4577 968 4633 exstiterunt
989 4573 1080 4631 1811.
