4034 6262
620 505 902 591 „363-

124 715 202 787 nte,
226 707 282 769 cui
306 704 480 768 successit
504 705 562 768 die
582 711 612 770 5.
632 706 720 770 Dec.
758 713 762 763 1

124 830 168 892 lto
183 827 297 911 magis
311 838 394 909 post
407 826 617 890 electionem
634 836 721 891 tam-

131 950 253 1035 gregis
279 949 410 1013 Christi
442 950 636 1033 praeliatus
667 943 737 1012 est'

124 1076 193 1139 uini
220 1084 344 1137 contra
367 1073 579 1156 gubernium
604 1073 721 1155 Argo-

125 1197 148 1259 d
168 1195 347 1258 interitum
369 1195 523 1258 omnium
545 1202 722 1257 monaste·

124 1317 316 1380 auditione
339 1317 559 1381 moliebatur.
587 1316 722 1397 Expul-

124 1496 125 1500 ,
151 1459 231 1502 cum
258 1439 332 1501 suis
359 1439 542 1501 monachis
568 1437 721 1501 iniustae

124 1561 262 1642 pposuit
273 1560 357 1623 licet
369 1559 501 1623 frustra
514 1579 612 1622 arma
623 1559 722 1622 iusti·

124 1682 372 1746 rotestationes
399 1693 435 1745 et
462 1681 723 1763 appellationes

124 1824 262 1886 luarum
279 1813 402 1866 auctor
419 1804 496 1884 ipse
513 1804 722 1885 plerumque

124 1946 157 1989 ιο
178 1931 257 2005 1845
278 1926 377 1990 venit
401 1929 447 1988 ad
469 1926 722 1989 monasterium

124 2050 156 2110 ib
181 2048 393 2129 imperatore
415 2048 576 2111 Austriae
599 2049 722 2111 Ferdi-

123 2171 285 2233 osissime
305 2171 374 2253 ipsi
395 2172 564 2252 oblatum,
586 2172 646 2234 ubi
668 2191 723 2233 se-

153 2293 321 2356 maiorem
353 2313 436 2356 mox
468 2293 722 2374 discipulorum

124 2416 336 2498 >ngregavit,
357 2435 463 2497 quam
483 2417 579 2496 apud
599 2416 723 2479 Muros

124 2539 226 2621 {egit
249 2540 364 2601 adhuc
391 2539 562 2601 iubilatus
586 2537 722 2619 profes·

124 2661 271 2722 :erdotio
296 2661 521 2723 commissum
548 2659 616 2722 sibi
644 2679 723 2721 coe·

124 2803 184 2845 am
197 2783 366 2865 episcopo
379 2782 590 2846 Tridentino
603 2802 625 2843 a
641 2801 723 2843 con-

124 2906 253 2968 iastieis
275 2915 310 2967 et
332 2905 555 2969 examinator
576 2925 640 2986 pro
662 2924 723 2985 ap-

136 3027 442 3091 confessariorum.
477 3028 563 3089 Eius
591 3028 724 3109 scripta

124 3150 192 3212 lita
209 3161 306 3213 sunt:

124 3331 237 3385 orarius
254 3329 330 3385 ordo
347 3329 405 3385 diei
422 3329 521 3404 quoad
539 3329 639 3385 divina
654 3329 721 3386 off-

124 3440 180 3506 139.
202 3440 261 3489 12⁰.
284 3449 318 3489 12
337 3454 366 3509 p.

126 3611 203 3659 rsus,
227 3592 458 3657 declarationes,
476 3593 722 3666 protestationes

138 3710 168 3752 et
191 3697 298 3752 similia
323 3695 536 3752 assistentibus
562 3697 723 3753 causidicis

142 3799 334 3872 Argoviense
347 3800 393 3855 rel
407 3799 444 3855 ad
458 3801 613 3857 consilium
630 3820 722 3875 gene·

124 3924 161 3960 im
187 3906 215 3959 in
240 3923 332 3959 causa
355 3906 616 3970 monasteriorum,
642 3907 722 3980 typis

124 4006 319 4065 Schaflhusac
336 4028 384 4084 ap.
403 4010 525 4076 Hurter‚
542 4008 591 4064 vel
608 4009 721 4065 Lucer-

124 4132 151 4170 er
166 4113 213 4169 vel
232 4134 255 4169 s.
273 4114 291 4170 l.
313 4111 480 4185 1836—46
505 4116 533 4169 in
555 4113 605 4168 sol.
629 4127 658 4169 et
678 4119 720 4184 4⁰,

124 4218 205 4275 ,lecta
218 4220 367 4291 integrum
378 4218 516 4274 volumen
527 4219 720 4274 constituunt.

123 4323 264 4396 ertigung
286 4323 339 4378 der
359 4323 577 4397 nargauischen
599 4322 722 4379 Kldster

124 4427 202 4483 lhere
227 4427 423 4501 Verwaltung
446 4427 505 4483 und
526 4429 721 4484 Verantwor·

137 4532 224 4587 ihnen
241 4532 419 4605 gemachten
433 4531 721 4605 Anschuldigungen

124 4656 148 4692 en
165 4637 242 4692 Rath
260 4655 319 4691 von
336 4636 468 4711 Aargau‚
491 4634 720 4692 Schafshausen.

124 4739 357 4815 -Ehrerbietige
373 4741 568 4815 Vorstellung
585 4740 638 4797 der
654 4759 721 4796 aar·

125 4858 232 4900 steran
242 4845 305 4900 ihre
314 4844 439 4902 oberste
449 4843 720 4901 Cantonsbchorde

124 4927 364 5023 eidgendssische
374 4950 572 5024 Tagsatzung
584 4950 621 5005 im
635 4949 720 5024 April

124 5052 168 5109 fol.
182 5053 239 5130 8p.
250 5087 292 5095 —
302 5055 359 5110 Die
368 5055 588 5128 aargauischen
598 5054 721 5110 Kldster

126 5164 208 5233 ager.
231 5159 307 5215 Eine
321 5157 515 5215 Denkschriit
527 5177 565 5213 an
578 5157 635 5214 alle
649 5157 720 5214 Eid-

135 5281 173 5318 an
188 5264 244 5319 alle
261 5262 400 5319 Freunde
417 5262 470 5319 der
487 5262 645 5318 Wahrheit
662 5261 719 5317 und

124 5408 131 5422 .
153 5367 241 5441 1841,
259 5370 310 5424 mit
327 5367 479 5441 Beilagcn.
503 5365 579 5423 Ibid.
597 5373 639 5439 4⁰.
661 5380 719 5437 154

887 709 939 766 III.
961 708 1105 774 Litterae,
1128 726 1254 803 ¹quarum
1276 720 1375 765 textus
1396 709 1507 784 passim
1524 709 1636 763 citatur

801 812 839 870 ab
856 815 989 871 Henrico
1005 812 1042 870 de
1059 812 1172 868 Hurter
1188 814 1218 868 in
1242 812 1416 882 „Friedrich
1438 831 1498 869 von
1520 812 1633 869 Hurter

801 917 861 974 und
877 920 961 975 scine
977 918 1072 974 Zeit.“
1091 915 1182 984 Graz,
1204 915 1294 990 1876.
1313 932 1328 973 2
1347 916 1407 973 vol.
1425 916 1467 974 8⁰.

889 1022 940 1081 IV.
956 1021 1159 1096 Abhandlung
1175 1020 1252 1078 liber
1267 1021 1325 1078 den
1341 1021 1541 1079 Unterschied
1562 1024 1633 1078 zwi-

802 1127 895 1201 schen
906 1124 1028 1183 blosser
1040 1126 1175 1183 Collatur
1191 1126 1251 1182 und
1264 1128 1485 1202 incorporirten
1499 1126 1558 1182 und
1571 1126 1631 1182 Re-

802 1229 1048 1306 gularplninden.
1067 1226 1096 1307 (i.
1107 1248 1133 1287 c.
1144 1230 1309 1287 Tractatus
1322 1230 1359 1287 de
1372 1231 1543 1289 discrimine
1555 1233 1634 1289 inter

802 1335 965 1411 parochias
983 1333 1095 1392 liberae
1112 1335 1291 1403 collationis,
1309 1337 1522 1411 incorporatas
1538 1349 1568 1392 et
1584 1354 1633 1392 re·

802 1434 946 1515 gulares.)
970 1439 1057 1496 Iussu
1073 1437 1143 1495 abb.
1160 1438 1314 1495 Ambrosii
1335 1437 1413 1512 1827
1432 1453 1556 1496 exarata
1572 1440 1633 1498 dis·

803 1545 939 1599 sertatio.
957 1545 1013 1600 Ms.
1031 1545 1060 1599 in
1076 1544 1189 1600 archiv.
1207 1541 1413 1600 Muto-Gries.
1430 1546 1458 1600 in
1476 1543 1527 1600 fol.
1550 1559 1584 1618 17
1602 1564 1633 1621 p.

802 1647 839 1704 A.
857 1647 909 1705 III.
927 1648 1015 1705 Fasc.
1032 1648 1070 1704 X.

889 1753 925 1810 V.
954 1752 1221 1828 Auszeichnungen
1252 1751 1327 1809 tiber
1354 1753 1411 1810 den
1439 1752 1547 1830 Abzug
1573 1773 1635 1811 von

802 1857 889 1925 Muri,
907 1857 955 1913 die
971 1856 1181 1915 Uebernahme
1198 1857 1252 1914 des
1269 1856 1454 1932 Collegiums
1471 1860 1500 1915 in
1517 1857 1634 1916 Samen

803 1961 862 2017 und
885 1962 933 2018 die
957 1961 1193 2037 Niederlassung
1217 1965 1246 2018 in
1271 1963 1371 2020 Gries
1396 1962 1425 2041 (i.
1447 1983 1474 2021 e.
1498 1965 1633 2020 Diarium

802 2079 921 2140 gestum
933 2066 971 2124 de
984 2067 1131 2142 degressu
1142 2068 1286 2135 Murensi‚
1302 2071 1496 2144 susceptione
1513 2070 1633 2144 collegii

803 2168 964 2227 Sarnensis
988 2185 1018 2228 et
1041 2172 1162 2228 colonia
1178 2171 1369 2252 Griesiensi.)
1391 2174 1424 2229 In
1440 2172 1512 2231 bibl.
1530 2175 1633 2230 Muro-

803 2272 904 2333 Gries.
922 2275 998 2333 Cod.
1017 2291 1045 2333 2.
1068 2290 1136 2333 102.
1153 2283 1195 2349 4⁰.
1214 2292 1252 2350 52
1272 2295 1300 2352 p.

888 2379 940 2436 VI.
966 2377 1131 2438 Sermones
1152 2381 1190 2438 ad
1213 2381 1357 2458 populum
1384 2396 1433 2456 79.
1458 2382 1533 2440 Ibid.
1556 2383 1633 2440 Cod.

807 2498 922 2541 1.110.

889 2588 956 2646 Vll.
982 2587 1186 2647 Stammbaum
1209 2591 1263 2648 der
1283 2590 1503 2648 Geschlcchter
1527 2594 1556 2648 in
1579 2591 1635 2649 der

803 2692 917 2750 Psarrei
933 2695 1020 2750 Muri.
1038 2692 1067 2773 (i.
1083 2714 1109 2752 e.
1127 2693 1260 2752 Stemma
1275 2695 1452 2753 familiarum
1469 2699 1634 2773 parochiae

802 2795 974 2877 Murensis.)
991 2814 1007 2855 2
1022 2799 1083 2856 vol.
1101 2800 1194 2858 insol.
1211 2803 1241 2857 in
1253 2799 1325 2857 bibl.
1336 2802 1540 2859 Muto-Gries.
1557 2816 1588 2858 et
1604 2805 1634 2858 in

802 2904 947 2980 parochia
963 2905 1105 2961 Murensi.

888 3015 1056 3110 Regner
1092 3026 1334 3092 Cornelius
1370 3029 1634 3112 (Emautinus

802 3143 1201 3228 Montserratensis),
1219 3147 1398 3209 Bohemus
1410 3147 1633 3212 Lukavicen·

803 3265 861 3347 sis,
883 3274 988 3328 natus
1008 3271 1099 3349 1804,
1120 3267 1305 3349 professus
1329 3275 1420 3351 1832,
1441 3274 1635 3354 presbyter

803 3387 985 3450 ordinatus
1006 3392 1097 3470 1834,
1117 3389 1213 3470 prior
1234 3401 1270 3454 et
1290 3392 1501 3455 novitiorum
1521 3394 1635 3475 magi-

802 3518 885 3591 ster,
913 3509 1228 3593 archiepiscopalis
1252 3513 1404 3577 ordinat.
1429 3515 1633 3577 commissa-

802 3631 875 3693 rius
895 3631 930 3693 in
951 3652 980 3694 c.
997 3653 1023 3695 r.
1043 3635 1232 3715 gymnasio
1248 3635 1573 3719 Vetero-Pragensi
1597 3649 1633 3700 et

803 3755 1003 3817 scholarum
1027 3757 1172 3819 realium
1197 3757 1468 3820 Bohemicarum
1491 3759 1633 3840 Pragae

802 3877 979 3959 emeritus,
1000 3879 1159 3940 notarius
1180 3879 1505 3961 archiepiscopalis
1529 3863 1633 3962 gym-

801 3998 892 4060 nasii
909 3999 1134 4062 Benedictini
1147 4001 1325 4064 Emautini
1339 4002 1532 4064 Klatoviae
1551 4021 1633 4083 pro-

801 4119 916 4183 fessor
928 4132 963 4184 et
972 4121 1127 4185 director
1136 4123 1314 4205 emeritus
1325 4134 1443 4185 rector
1457 4124 1632 4187 ecclesiae

801 4241 1022 4306 Emautinae.
1046 4243 1116 4306 Per
1127 4245 1249 4325 plures
1265 4264 1376 4306 annos
1393 4244 1582 4307 conciones
1596 4246 1631 4307 in

801 4364 953 4427 ecclesia
987 4365 1204 4446 parochiana
1235 4366 1281 4427 ad
1311 4365 1520 4429 Trinitarios
1552 4387 1631 4429 cum

801 4486 994 4568 praecipuo
1006 4485 1146 4549 fervore
1159 4488 1292 4569 habuit,
1302 4488 1338 4550 in
1351 4487 1503 4550 ecclesia
1512 4506 1632 4550 mona·

801 4607 899 4670 sterii
913 4608 1091 4671 Emautini
1113 4629 1225 4691 usque
1246 4611 1292 4672 ad
1312 4620 1467 4673 aetatem
1483 4629 1632 4690 provec-

801 4740 873 4793 tam
891 4731 926 4793 in
942 4731 1157 4812 peragendis
1174 4732 1283 4794 sacris
1300 4731 1427 4794 officiis
1444 4741 1480 4793 et
1493 4731 1632 4793 concio-

800 4853 904 4915 nibus
938 4852 1113 4914 habendis
1148 4872 1319 4934 operosus
1352 4864 1387 4915 et
1420 4851 1631 4935 indefessus

800 4975 968 5038 memoria
983 4974 1189 5038 fidelissima
1200 4976 1328 5058 vigens
1344 4975 1380 5037 in
1395 4974 1543 5037 historia
1559 4993 1632 5035 mo-

800 5097 945 5159 nasterii
965 5096 1075 5159 multa
1099 5097 1219 5181 magni
1242 5097 1410 5160 momenti
1434 5096 1571 5159 addidit
1595 5107 1631 5159 et

800 5219 1008 5301 complevit,
1041 5219 1169 5281 librum
1203 5219 1481 5282 memorabilium
1511 5236 1632 5279 mona·

800 5341 898 5403 sterii
936 5340 1174 5423 continuavit,
1206 5342 1242 5405 in
1277 5341 1464 5403 annalibus
1499 5340 1632 5403 domini

800 5465 1014 5546 Ebersberg‚
1025 5463 1154 5544 quibus
1167 5483 1294 5526 nomen
1306 5462 1374 5525 fuit
1386 5475 1559 5544 patronus
1568 5482 1631 5544 po·

1374 5568 1423 5628 4⁶⁸
