4034 6262
866 528 908 538 —
953 491 1070 554 CVIII
1114 529 1156 536 —

143 720 308 783 Critieam
341 721 386 780 ad
417 718 644 780 illustrandos
677 737 703 780 s.
731 717 877 796 Patres,
908 717 954 778 ad
988 715 1211 778 discutienda
1242 718 1376 780 selecta
1406 717 1576 780 historiae
1612 718 1874 780 ecclesiasticae

143 859 271 940 capita,
295 859 341 920 ad
366 859 521 920 eruenda
545 876 591 917 ex
614 855 822 937 pulveribus
851 866 887 918 et
914 855 1046 918 umbris
1069 864 1228 918 veterum
1261 857 1446 918 authorum
1478 867 1703 919 monumenta
1731 857 1877 938 aliaque

143 997 325 1077 eiusmodi,
342 997 378 1059 in
395 1015 486 1077 quae
503 994 768 1059 San-Mauriani
785 993 879 1057 Socii
904 1004 1003 1057 tanto
1024 993 1198 1056 ecclesiae
1220 995 1403 1056 commodo
1426 1003 1598 1076 tantoque
1623 1013 1700 1056 cum
1722 996 1882 1056 omnium

144 1139 327 1199 doctorum
358 1135 536 1198 hominum
568 1134 743 1216 applausu
773 1133 996 1204 incumbunt,
1029 1135 1171 1196 sodales
1202 1133 1257 1195 sui
1287 1133 1455 1195 maiorem
1482 1151 1626 1196 suarum
1650 1152 1795 1195 curarum
1826 1144 1883 1191 ac

143 1277 337 1340 studiorum
353 1285 492 1356 partem
509 1273 543 1335 in
559 1284 740 1354 posterum
757 1271 965 1334 traducant“
984 1274 1015 1352 ¹).
1054 1270 1158 1353 Quod
1181 1281 1220 1334 ut
1242 1271 1354 1353 fieret,
1378 1272 1505 1334 librum
1522 1270 1644 1353 edidit,
1670 1271 1726 1353 qui
1748 1263 1883 1333 inseri·

144 1415 255 1477 bitur:
281 1413 525 1496 „Bibliotheca
549 1410 947 1473 Benedicto-Mauriana
971 1430 1033 1473 seu
1058 1411 1102 1473 de
1125 1423 1215 1493 ortu,
1238 1411 1322 1474 vitis
1345 1419 1382 1474 et
1405 1411 1547 1492 scriptis
1564 1409 1883 1473 Benedictinorun

145 1574 164 1616 e
188 1553 417 1616 celeberrima
441 1550 718 1633 congregatione
743 1570 769 1611 s.
786 1549 900 1612 Mauri
924 1549 960 1612 in
978 1547 1094 1613 Gallia
1118 1550 1197 1612 libri
1221 1550 1311 1613 duo“
1328 1551 1361 1632 ²).
1400 1549 1478 1612 Hoc
1503 1570 1594 1632 opus
1609 1550 1883 1613 fundamentum

145 1712 223 1756 esse
240 1691 352 1754 voluit
369 1689 634 1771 „Bibliothecae
651 1688 938 1770 Benedictinae“,
963 1708 1032 1770 quo
1056 1709 1178 1752 omnes
1194 1689 1347 1752 omnium
1364 1700 1537 1752 terrarum
1553 1697 1662 1770 atque
1678 1701 1883 1770 temporat

147 1832 338 1914 scriptores
366 1829 499 1892 ordinis
523 1828 794 1890 continerentur.
842 1828 975 1890 Eodem
1008 1828 1154 1891 consilio
1190 1833 1270 1908 1769
1302 1828 1440 1891 litteras
1470 1829 1516 1890 ad
1547 1828 1758 1891 monasteria
1782 1825 1883 1890 Ger

147 1970 295 2050 maniae,
321 1967 531 2048 Bohemiae„
548 1965 741 2046 Moraviae,
766 1965 966 2048 Helvetiae,
991 1964 1139 2048 Galliae,
1163 1968 1289 2030 Italiae
1312 1966 1421 2029 dedit.

275 2108 419 2170 Arnon
448 2106 650 2189 reperiebat
680 2105 811 2185 socios,
844 2124 932 2185 quos
960 2115 1178 2186 speraverat.
1224 2106 1421 2186 Propterea
1452 2126 1522 2168 una
1553 2126 1632 2169 curn
1660 2105 1883 2200 Hieronyrrl

148 2247 257 2310 fratre
281 2267 354 2328 suo,
379 2247 439 2327 qui
464 2257 499 2307 et
523 2245 600 2326 ipse
624 2244 660 2307 in
684 2243 898 2305 monasterio
915 2243 1113 2307 Mellicensi
1129 2244 1288 2307 habiturn
1311 2246 1511 2327 regularem
1527 2255 1736 2327 sumpserat,
1760 2238 1883 2306 omni

146 2386 222 2449 fere
249 2385 427 2465 Austriae,
455 2382 664 2465 Salisburgi,
693 2381 886 2443 Bohemiae
913 2382 1129 2444 monasteria
1156 2382 1243 2444 adiit
1274 2402 1466 2463 eorumque
1494 2383 1669 2446 tabularia
1697 2393 1732 2445 et
1754 2379 1883 2444 bibli<

146 2527 268 2589 thecas
293 2524 446 2586 maximo
471 2543 549 2585 cum
572 2520 690 2584 fructu
712 2528 955 2601 perscrutatus
980 2531 1043 2583 est.
1090 2522 1146 2583 Ex
1173 2522 1228 2584 his
1256 2521 1442 2584 itineribus
1470 2523 1618 2602 prodiit:
1655 2521 1883 2604 ,Thesauru

147 2664 400 2727 anecdotorum
425 2659 637 2722 novissimus
661 2678 723 2720 seu
748 2668 907 2721 veterum
931 2669 1234 2723 monumentorum
1258 2661 1452 2742 praecipue
1483 2660 1798 2724 ecclesiasticorum
1840 2675 1883 2716 e

148 2800 369 2865 Germanicis
393 2797 616 2880 potissimum
632 2796 857 2859 bibliothecis
875 2799 1047 2860 adornata
1064 2798 1227 2860 collectio
1244 2799 1508 2861 recentissima“
1525 2800 1558 2879 3).
1598 2798 1676 2861 Hoc
1692 2799 1789 2878 libro,
1804 2811 1883 2878 qu

148 2939 313 3002 d’Acheri
338 2948 373 3000 et
396 2937 549 2999 Marteni
573 2937 747 2998 sociorum
776 2935 909 2998 ordinis
933 2934 1151 2999 Gallicorum
1183 2938 1306 2999 laudes
1335 2937 1525 3000 adsecutus
1557 2947 1628 3017 est,
1661 2957 1740 2999 cum
1770 2932 1883 2998 mult

147 3077 314 3140 historiae
338 3086 564 3138 monumenta
587 3086 661 3136 turn
684 3073 783 3135 varia
807 3073 941 3154 scripta
965 3076 1172 3156 complexus
1197 3084 1251 3136 est
1275 3074 1419 3137 Alcuini
1442 3075 1611 3138 Masentii
1635 3076 1679 3146 de
1704 3066 1881 3155 Aquilai

147 3213 332 3277 Paschasii
348 3213 535 3292 Radberti,
561 3212 709 3274 Notkeri
727 3211 982 3294 Sangallensis,
1005 3210 1171 3275 Gerberti
1188 3191 1364 3294 (Silvestri
1380 3215 1436 3295 ΙΙ.)
1458 3212 1616 3277 Gerhohi
1632 3214 1676 3276 de
1693 3214 1883 3276 Reicher

147 3356 245 3436 berg,
261 3352 368 3414 Alani
384 3353 428 3413 de
441 3352 577 3431 InsuIIS,
595 3353 764 3413 abbatum
777 3348 973 3433 GodefridI,
990 3350 1176 3432 Irimberti,
1194 3352 1404 3435 Engelberti
1417 3351 1724 3433 Admontensium,
1737 3340 1883 3413 Henri

112 3484 116 3490 ’
148 3495 193 3554 de
216 3491 348 3554 Hassia
371 3489 588 3571 aliorumque
612 3489 833 3570 scriptorum.
873 3490 1008 3552 Eodem
1024 3491 1104 3552 loco
1120 3491 1271 3553 habetur
1288 3491 1382 3552 aliud
1400 3491 1574 3553 Bernardi
1591 3509 1699 3572 opus:
1726 3480 1883 3571 ,Bibli

147 3632 251 3694 theca
275 3629 440 3708 ascetica,
464 3628 729 3709 antiquo-nova,
761 3629 827 3690 hoc
857 3637 912 3690 est
940 3629 1102 3692 collectio
1126 3639 1286 3691 veterum
1315 3631 1546 3710 quorumdam
1579 3638 1615 3690 et
1646 3627 1883 3690 recentioru

149 3768 400 3849 opusculorum
431 3765 682 3846 asceticorum,
716 3786 807 3848 quae
837 3767 1020 3848 hucusque
1051 3767 1086 3828 in
1117 3768 1225 3830 variis
1256 3789 1299 3831 m.
1324 3789 1350 3829 S.
1375 3766 1556 3829 codicibus
1588 3777 1625 3829 et
1654 3765 1883 3828 bibliothec

149 3904 395 3984 delituerunt“,
420 3903 480 3985 qui
502 3903 592 3965 liber
616 3912 670 3965 est
694 3904 738 3966 de
762 3904 913 3985 scriptis,
939 3925 1030 3986 quae
1054 3907 1099 3967 ad
1123 3906 1399 3989 intellegendam
1416 3905 1522 3967 medii
1543 3904 1624 3966 aevi
1649 3916 1760 3966 artem
1783 3912 1883 3965 asc

149 4046 255 4107 ticam
280 4055 315 4105 et
339 4043 526 4125 mysticam
548 4043 737 4124 plurimum
762 4044 948 4106 conferunt
962 4047 994 4128 ⁴).

278 4183 356 4245 Non
381 4182 493 4243 solum
517 4192 635 4243 autem
658 4181 877 4266 theologiae,
904 4187 967 4246 sed
996 4184 1102 4246 etiam
1126 4183 1294 4246 historiae
1318 4183 1376 4246 illa
1407 4192 1525 4245 aetate
1557 4181 1620 4245 filii
1644 4202 1671 4246 s.
1697 4174 1883 4245 Benerii⁴

151 4343 296 4404 operam
331 4322 514 4384 dederunt.
560 4322 683 4403 Atque
717 4342 787 4384 non
822 4333 894 4384 tam
929 4322 1133 4403 opinionum
1168 4321 1363 4403 antiquitus
1397 4331 1625 4402 acceptarum
1656 4322 1713 4383 vel
1745 4319 1883 4401 piart

150 4461 358 4541 fabularum,
383 4480 488 4542 quam
512 4460 666 4541 ipsorum
691 4459 840 4522 fontium
863 4460 954 4522 ratio
978 4469 1033 4523 est
1056 4459 1188 4540 habita,
1214 4459 1273 4541 qui
1297 4479 1343 4521 ex
1366 4458 1662 4522 bibliothecarum
1687 4470 1721 4522 et
1744 4448 1883 4521 tabu]

152 4601 279 4662 riorum
311 4599 467 4661 tenebris
498 4598 532 4660 in
564 4600 678 4661 lucem
709 4599 880 4681 protracti
904 4609 994 4660 sunt.
1041 4597 1120 4679 Qua
1152 4600 1187 4661 in
1218 4619 1255 4661 re
1288 4598 1382 4660 fama
1414 4599 1567 4661 virorum
1598 4600 1739 4661 saeculo
1762 4584 1883 4658 XV

328 4870 526 4944 Ziegelbauer
550 4871 608 4926 l.c
612 4870 693 4926 ..IV

285 4871 339 5061 2'3
331 4985 428 5058 'ltpis
454 5002 510 5038 con
513 4984 608 5039 ectus
633 4984 791 5056 Augustae
816 4981 1037 5039 vindelicorum
1063 4997 1093 5038 et
1116 4982 1236 5037 Graecii
1266 4981 1376 5054 17ιὺ
1370 5001 1398 5037 tn
1423 4981 1464 5038 8⁰.

283 5095 436 5150 ³Editus
461 5108 506 5150 est
530 5095 684 5169 Augustae
709 5093 941 5159 Vindelicorum‚
967 5107 1036 5148 tom.
1061 5094 1170 5149 l—lll.
1200 5107 1296 5166 1721;
1330 5107 1400 5149 tom.
1422 5094 1470 5150 IV.
1501 5109 1596 5166 1723;
1631 5094 1735 5149 tomi
1722 5077 1883 5155 l‘1172l

158 5220 226 5262 tom.
244 5209 294 5264 Vl.
320 5210 368 5281 qui
394 5207 470 5263 idem
499 5208 621 5277 „Codex
645 5207 852 5282 diplomatico
841 5207 1015 5262 historico
1004 5206 1208 5280 epistolar1s“
1236 5203 1415 5271 inscribitur,
1445 5220 1534 5278 1729.

286 5317 308 5395 ⁴)
333 5318 408 5373 Sunt
432 5321 501 5374 tomi
527 5320 592 5386 XII,
623 5339 748 5393 quorum
778 5319 836 5374 duo
861 5319 953 5374 ultimi
984 5331 1053 5393 post
1077 5316 1190 5373 obitum
1215 5318 1359 5373 Bernardi
1388 5332 1464 5391 1735
1490 5318 1541 5374 XI.
1570 5333 1650 5391 1740
1677 5317 1736 5374 XII.
1765 5303 1882 5386 publc

161 5432 230 5484 iuris
254 5431 322 5485 lacti
348 5444 424 5484 sunt.
