4034 6262
816 523 1097 612 ,487-

121 726 226 809 retur.)
247 730 335 803 1830.
354 726 496 806 Gydrott.
514 728 651 803 Streibig
665 730 805 806 Leopold
820 726 918 786 beidi·
957 736 960 744 ‘

121 836 140 892 ¹·
160 843 207 908 4⁰·
223 852 243 908 4
259 855 288 911 v·

173 968 213 1024 ΙΙ.
241 962 438 1024 ΕΙόΙιέειϋΙεῑ
460 984 479 1022 a
501 963 806 1022 betti-szrimtanhoz.
835 960 865 1042 (i.
891 983 917 1021 e.

121 1074 283 1148 aeparatio
300 1070 337 1127 ad
353 1067 532 1148 algebram.)
548 1065 644 1145 Gydr.
666 1068 756 1143 1850.
773 1067 816 1125 8⁰.
833 1083 872 1142 53
887 1087 917 1145 p.

122 1175 139 1232 Ι.
160 1191 190 1232 2.
208 1188 306 1232 aucta.
323 1176 517 1243 Comaromii,
539 1173 629 1246 1852.
647 1172 688 1246 58
705 1193 733 1250 p.

171 1335 919 1433 UisghiudarlianPetrus(Mechitha-

122 1470 213 1548 sta).
238 1467 320 1548 Ipse
342 1486 434 1528 anno
463 1472 545 1529 1810
568 1487 712 1530 munere
737 1467 919 1530 secretarii

125 1609 163 1651 m
180 1588 306 1652 illustr.
324 1590 456 1651 abbate
474 1587 563 1654 Gen.
580 1590 625 1652 A.
639 1589 818 1652 Babikian
834 1591 918 1652 Ter-

122 1711 179 1774 =sti
189 1712 366 1773 Viennam
378 1712 655 1794 transmigravit.
670 1711 919 1775 Constantino-

122 1833 156 1895 ·li
179 1853 274 1896 anno
295 1838 373 1912 1782
395 1843 511 1915 natus,
528 1835 694 1916 Tergesti
715 1853 808 1897 anno
838 1839 916 1898 1805

124 1964 317 2018 nsecratus
334 1965 388 2018 est
405 1958 605 2039 presbyter.
634 1957 693 2019 Ab
717 1978 810 2020 anno
838 1963 917 2021 1805

123 2077 228 2161 :regit
258 2098 384 2140 munus
415 2077 597 2140 secretarii
629 2079 919 2162 congregationis

123 2199 253 2281 ergesti
278 2209 315 2261 et
338 2199 509 2262 Viennae.
546 2200 651 2262 Anno
680 2205 758 2264 1815
779 2201 920 2264 Vienna
958 2234 961 2300 Ι

123 2323 217 2385 issus
234 2331 289 2384 est
306 2321 650 2403 Constantinopolim
672 2343 817 2385 munere
839 2324 919 2386 mis·
958 2316 961 2461 ¹

123 2444 230 2507 >narii
262 2443 466 2524 apostoliei;
503 2444 635 2507 ibidem
670 2465 791 2507 mense
822 2446 917 2528 Aug.

125 2573 168 2631 28
189 2589 235 2629 ex
252 2567 325 2630 vita
342 2586 509 2649 egressus
526 2578 590 2631 est.

173 2723 296 2807 Opera
307 2725 383 2787 eius
394 2724 429 2787 in
438 2724 560 2808 lingua
570 2725 809 2789 Neo-armena
821 2724 918 2808 typis

124 2848 199 2911 ita:

171 2994 196 3049 1.
223 2992 431 3077 lvstmssbel
447 3027 455 3041 ·
471 3026 478 3041 ·
494 2993 534 3064 ·‹⁴
562 2992 678 3066 umbe
699 2993 798 3064 “ref“
820 2993 918 3071 (pu,

124 3116 149 3153 e.
168 3097 326 3152 Exercitia
342 3109 373 3151 et
388 3098 543 3152 orationes
560 3114 667 3152 novem
684 3096 798 3152 dierum
815 3098 843 3152 in
864 3096 919 3153 ho·

125 3220 192 3256 rem
216 3220 257 3256 ss
280 3200 388 3256 Cordis
414 3201 491 3256 Iesu.
516 3201 549 3255 ln
574 3201 644 3274 ling.
666 3201 868 3257 Neo-armen.
890 3213 920 3257 et

124 3323 183 3360 irc.
208 3305 352 3371 Viennae,
370 3305 449 3380 typis
466 3304 607 3360 Mechith.
630 3302 719 3360 1826.

175 3436 213 3491 ῙῙ.
237 3433 404 3509 ΙΙΙιμωᾷυιμ
428 3436 630 3508 moitmnfipmg,
653 3437 670 3490 i.
689 3454 714 3491 e.
739 3434 919 3492 Alimentum

125 3538 304 3595 lebrantium
320 3540 385 3595 dies
399 3539 503 3605 festoS,
521 3539 549 3595 h.
564 3557 589 3595 e.
605 3539 842 3615 Explanationes
855 3559 919 3596 mo-

125 3642 170 3699 les
186 3644 346 3700 lectionum
363 3640 410 3721 (ex
423 3662 511 3699 sacra
523 3641 683 3721 scriptura)
700 3657 730 3699 et
746 3644 920 3718 evangelio·

125 3764 166 3813 im,
182 3767 258 3824 quae
274 3747 381 3804 diebus
398 3747 509 3803 domini
531 3760 561 3803 et
585 3747 669 3804 festis
686 3750 778 3804 totius
799 3751 867 3805 anni
892 3752 920 3805 in

129 3851 184 3907 issa
199 3853 347 3927 leguntur.
366 3853 509 3922 Viennae,
527 3854 606 3928 typis
622 3853 762 3909 Mechith.
786 3852 875 3925 1852.

178 4015 438 4090 Ussermann
468 4027 773 4090 Aemilianus
806 4027 920 4110 (San-

125 4136 345 4230 lasianus).
369 4142 484 4205 Natus
508 4152 563 4205 est
588 4144 621 4205 in
644 4165 670 4208 S.
694 4145 861 4208 Udalrico
885 4146 920 4209 in

125 4257 191 4325 iva
214 4265 316 4347 nigra
337 4265 372 4327 in
394 4285 524 4348 magno
542 4267 672 4328 ducatu
689 4268 845 4330 Badensi
862 4269 919 4331 die

161 4383 247 4450 Oet.
276 4392 372 4466 1737;
401 4408 427 4448 S.
452 4388 575 4450 habitu
603 4389 747 4451 indutus
773 4391 809 4451 in
837 4390 920 4453 divo

126 4507 226 4591 isio,
250 4509 468 4572 sollemniter
490 4508 674 4590 professus
700 4511 756 4573 die
786 4532 810 4574 1.
834 4511 920 4574 Maii
959 4484 962 4511 Ι

129 4638 157 4697 7
175 4654 189 4702 ;
207 4632 375 4693 sacerdos
397 4630 454 4692 die
475 4636 521 4695 16.
539 4631 625 4693 Maii
648 4638 737 4711 1761.
763 4634 803 4696 In
819 4653 920 4715 gym-

126 4738 191 4809 ἰο
207 4751 519 4814 Benedictinorum
541 4773 567 4816 s.
582 4753 682 4840 Petri
704 4754 739 4816 in
756 4753 921 4837 Brisgoia

126 4861 285 4935 iiorum
305 4873 550 4950 humaniorum
571 4874 781 4937 curriculum
804 4895 921 4939 emen·

148 5005 237 5075 est,
259 5006 404 5076 praeter
424 4995 592 5057 musicam
609 4995 746 5077 Latine,
772 4995 921 5077 Graece,

126 5115 268 5177 >reice
285 5116 421 5177 doctus.
439 5115 532 5177 Dein
549 5118 818 5200 congregationi
833 5118 921 5183 San-

127 5231 281 5298 Sianae
298 5255 426 5299 nomen
443 5237 542 5300 dedit
558 5247 594 5300 et
614 5239 649 5300 in
667 5238 921 5322 philosophicis

127 5341 354 5440 heologicis
372 5357 567 5440 disciplinis
587 5371 660 5421 tarn
680 5359 819 5423 felicem
840 5382 921 5443 pro-

127 5480 254 5541 Ssum
276 5479 375 5562 fecit,
401 5490 439 5543 ut
464 5482 593 5564 dignus
618 5494 837 5565 censeretur,
862 5483 921 5564 qui

999 726 1144 788 easdem
1160 727 1327 789 traderet.
1351 726 1509 789 Primum
1530 727 1567 789 in
1583 748 1610 790 s.
1627 727 1749 788 Blasio
1767 728 1828 788 do-

999 848 1104 913 cebat
1124 848 1395 930 philosophiam,
1420 821 1549 910 deinde
1574 850 1619 911 ad
1644 868 1828 911 commune

999 968 1155 1031 studium
1179 969 1490 1033 Benedictinorum
1514 971 1707 1053 Bavariae,
1733 973 1828 1053 quod

998 1098 1083 1152 tune
1106 1090 1142 1153 in
1164 1091 1295 1153 celebri
1313 1092 1687 1156 Benedicto-Burano
1708 1114 1828 1156 mona-

998 1212 1107 1274 sterio
1121 1213 1320 1275 institutum
1332 1214 1458 1296 fuerat,
1468 1215 1666 1297 linguarum
1678 1217 1829 1278 orienta-

997 1334 1081 1396 lium
1095 1334 1277 1417 professor
1288 1338 1501 1419 postulatus,
1519 1341 1662 1400 easdem
1679 1341 1828 1419 posthac

999 1457 1106 1520 etiam
1131 1458 1167 1520 in
1191 1457 1285 1521 univ.
1311 1457 1576 1542 Salisburgensi
1602 1461 1744 1541 publice
1769 1461 1829 1521 do-

1000 1579 1086 1662 cuit,
1115 1580 1217 1642 simul
1246 1580 1430 1662 explicans
1457 1581 1600 1645 moralis
1627 1583 1828 1664 theologiae

999 1711 1204 1783 praecepta.
1241 1703 1302 1765 Ad
1335 1723 1437 1766 usum
1468 1705 1705 1767 studiosorum
1734 1705 1829 1765 evul-

999 1824 1100 1905 gavit
1127 1825 1376 1905 compendium
1404 1825 1829 1908 syntaxeosHebraicae

999 1965 1070 2007 una
1086 1966 1165 2008 cum
1182 1947 1321 2028 analysi
1337 1947 1417 2009 libri
1430 1966 1616 2030 geneseos.
1642 1947 1829 2008 Praemisit

1000 2067 1283 2149 disquisitionem
1312 2070 1357 2130 de
1381 2071 1548 2131 methodo
1575 2070 1732 2151 linguam
1757 2069 1828 2130 He·

998 2191 1143 2252 braeam
1156 2210 1234 2252 cum
1248 2189 1364 2254 fructu
1373 2192 1551 2254 tractandi
1561 2204 1596 2253 et
1606 2191 1827 2261 addiscendi;

1000 2311 1163 2375 adiunxit
1182 2311 1334 2374 indicem
1355 2313 1534 2395 librorum,
1560 2314 1618 2394 qui
1643 2315 1688 2375 ad
1712 2312 1828 2393 perdi-

999 2436 1150 2497 scendas
1167 2434 1307 2517 linguas
1324 2435 1516 2497 orientales
1534 2435 1568 2497 in
1584 2435 1707 2516 primis
1724 2436 1827 2496 utiles

999 2567 1081 2618 sunt
1105 2565 1166 2618 aut
1187 2557 1388 2619 necessarii.
1418 2555 1454 2620 S.
1478 2557 1680 2639 theologiae
1705 2558 1829 2617 doctor

999 2687 1149 2759 creatus,
1166 2697 1331 2740 reversus
1348 2681 1393 2740 ad
1410 2699 1436 2741 s.
1454 2678 1623 2760 Blasium,
1640 2680 1828 2740 bibliothe-

999 2818 1062 2860 cae
1074 2799 1240 2880 praefuit,
1253 2800 1415 2862 omnibus
1424 2801 1470 2862 ad
1482 2800 1519 2862 id
1532 2800 1686 2863 muneris
1696 2802 1828 2862 obeun-

999 2923 1082 2983 dum
1107 2921 1250 2983 dotibus
1278 2921 1489 2984 necessariis
1518 2922 1651 3003 optime
1680 2922 1829 2984 instruc-

999 3053 1067 3124 tus,
1085 3045 1222 3125 doctuS,
1237 3043 1410 3106 humanus
1423 3056 1459 3106 et
1472 3045 1590 3106 studio
1604 3043 1829 3126 gratificandi

998 3165 1256 3246 paratissimus.
1280 3165 1354 3228 Nee
1369 3165 1562 3247 quidquam
1574 3167 1687 3249 magis
1705 3166 1830 3227 habuit

1000 3287 1035 3348 in
1052 3287 1198 3368 deliciis,
1214 3307 1320 3369 quam
1336 3287 1500 3350 librariae
1522 3289 1754 3370 supellectilis
1772 3309 1829 3350 cu-

999 3429 1088 3483 ram;
1113 3409 1280 3491 reliquias
1304 3409 1432 3490 prioris
1453 3410 1677 3473 vastissimae
1704 3410 1829 3471 biblio-

1000 3533 1126 3593 thecae
1146 3531 1311 3594 incendio
1332 3541 1538 3595 consumtae
1561 3532 1715 3613 collegit,
1741 3531 1829 3592 anti-

1000 3673 1090 3734 quos
1107 3653 1249 3715 codices
1271 3655 1531 3734 manuscriptos
1556 3663 1591 3716 et
1614 3652 1829 3715 recentiores

1000 3775 1153 3836 selectos
1164 3774 1274 3837 libros
1287 3774 1442 3855 undique
1457 3774 1670 3855 conquisivit
1683 3784 1719 3836 et
1731 3794 1829 3855 mag-

1000 3896 1054 3959 nis
1083 3897 1252 3978 impensis
1280 3898 1516 3979 comparavit,
1549 3908 1587 3959 ut
1614 3898 1829 3959 bibliotheca

1000 4019 1087 4081 mire
1117 4016 1316 4083 increverit.
1360 4018 1540 4100 Quidquid
1570 4019 1695 4080 habuit
1726 4018 1828 4079 vacui

1001 4142 1181 4222 temporis,
1205 4141 1419 4203 adornandis
1441 4140 1746 4203 lucubrationibus
1767 4159 1829 4219 po-

1002 4262 1173 4326 tissimum
1197 4262 1374 4324 historicis
1400 4263 1518 4325 dabat.
1548 4263 1589 4325 In
1613 4263 1830 4323 elaboranda

1001 4382 1192 4447 Germania
1217 4406 1318 4448 sacra
1342 4384 1488 4465 sodaliS,
1515 4385 1626 4447 edidit
1650 4384 1725 4445 eius
1749 4402 1829 4464 pro-

1000 4510 1160 4570 dromum
1189 4519 1224 4570 et
1254 4508 1396 4590 scripsit
1420 4508 1666 4590 episcopatum
1693 4506 1829 4568 Wirce-

1000 4632 1215 4712 burgensem
1228 4640 1264 4693 et
1277 4631 1580 4712 Bambergensem
1597 4629 1690 4691 facili
1709 4639 1744 4690 et
1762 4630 1830 4689 ele-

1000 4751 1101 4833 ganti
1128 4752 1219 4814 stilo.
1256 4753 1324 4814 Tot
1355 4752 1536 4815 laboribus
1568 4755 1762 4815 exhaustus
1795 4763 1830 4814 et

1000 4873 1193 4954 apoplexia
1215 4882 1399 4955 correptus
1416 4883 1471 4936 est
1486 4874 1540 4935 vir
1556 4874 1720 4956 optimus,
1743 4872 1830 4934 Ger-

1002 5015 1128 5058 manae
1141 5015 1286 5077 prorsus
1302 4995 1386 5057 fidei
1402 5006 1437 5057 et
1454 4996 1562 5078 prisci
1574 4996 1691 5075 moris,
1704 4997 1829 5057 abhor-

1001 5137 1081 5180 rens
1099 5120 1145 5180 ab
1161 5118 1329 5180 adulandi
1350 5118 1468 5181 studio
1485 5129 1593 5200 atque
1610 5118 1703 5180 omni
1719 5117 1829 5188 fastu;

1001 5241 1061 5322 qui
1090 5239 1228 5303 omissis
1257 5241 1386 5303 ceteris
1415 5242 1577 5304 omnibus
1606 5241 1716 5320 curis,
1745 5241 1829 5302 nihil

1001 5374 1191 5443 appetens,
1220 5372 1388 5444 sorteque
1412 5383 1475 5425 sua
1501 5373 1688 5427 contentus
1713 5382 1732 5424 e
1756 5363 1830 5424 vita

1002 5482 1167 5545 discessit
1183 5482 1240 5544 die
1257 5486 1308 5546 31.
1327 5484 1405 5548 Oct.
1429 5489 1518 5562 1798.
