4034 6262
948 506 1231 575 -128—

216 708 333 793 pictis,
350 709 461 772 sacris
477 708 584 771 etiam
600 707 770 789 reliquiis,
792 716 828 769 et
849 707 945 787 quod
965 726 1047 787 pro·
1086 725 1089 873 Ι

215 833 309 896 fanis
325 832 524 896 hominibus
540 831 654 894 maius
666 829 780 893 videri
792 829 869 891 vult
884 829 1047 891 omnibus
1086 888 1089 905 ,

216 955 303 1038 istis,
319 955 382 1017 vix
396 954 537 1017 Vienna
553 955 598 1015 ad
615 953 736 1015 divum
751 951 909 1014 Blasium
929 969 1048 1013 rever·

216 1098 310 1160 sum,
338 1076 561 1140 amicissimis
587 1074 715 1137 litteris
738 1074 794 1136 bis
819 1073 968 1156 dignata
993 1083 1048 1135 est

215 1201 400 1262 honorare.
431 1197 542 1259 Filius
558 1196 694 1259 Mariae
710 1195 902 1257 Therasiae
919 1194 1049 1275 primo-

216 1320 370 1405 genitus,
394 1321 587 1401 imperator
609 1317 784 1398 Iosephus
804 1317 859 1396 11,
886 1315 954 1378 etsi
977 1334 1049 1377 mo·

217 1444 341 1506 nachis
357 1442 498 1504 minime
515 1441 658 1520 amicuS,
680 1448 809 1520 tamen,
833 1458 912 1500 eum
934 1455 1049 1499 sermo

217 1563 402 1627 incidisset
419 1563 463 1625 de
480 1563 612 1624 abbate
628 1582 656 1624 s.
673 1560 795 1642 Blasii,
817 1559 935 1621 dicere
952 1559 1050 1620 audi-

217 1696 276 1749 tus
297 1695 366 1749 est:
390 1684 526 1766 Optare
546 1703 595 1766 se,
618 1693 657 1746 ut
677 1682 752 1744 suis
772 1682 806 1744 in
826 1681 947 1764 regnis
963 1682 1050 1743 mul·

217 1819 274 1872 tos
291 1828 475 1872 numerare
488 1816 612 1888 posset
624 1807 776 1867 abbates
788 1805 892 1866 huius
908 1804 1050 1866 similes.

217 1930 323 1993 Alter
342 1949 494 2013 magnae
516 1927 709 1990 Therasiae
732 1925 834 2008 filius,
858 1924 1052 2006 imperator

217 2052 420 2134 Leopoldus
433 2052 478 2114 ΙΙ.
491 2052 682 2113 adeuntem
696 2059 732 2111 et
740 2049 915 2111 instanter
922 2065 1051 2143 rogare

217 2193 352 2256 ausum,
374 2193 418 2236 ne
434 2171 642 2235 Iansenistis
663 2180 699 2232 et
720 2167 952 2232 novatoribus
967 2166 1052 2228 faci·

216 2296 285 2358 lem
295 2314 414 2358 aurem
424 2293 725 2376 praeberet,haud
734 2310 843 2372 aegre
851 2289 945 2352 ferre
953 2288 1052 2350 visus

217 2428 282 2500 est,
307 2417 400 2479 serio
424 2416 616 2498 pollicitus,
641 2434 680 2476 se
701 2414 752 2494 id,
779 2413 809 2474 si
829 2432 921 2494 opus
945 2419 1051 2491 esset,
1088 2408 1092 2565 ἰ

216 2539 292 2602 fore
319 2548 542 2602 testaturum.
570 2537 664 2619 Quid
692 2535 825 2615 mirum,
845 2535 940 2615 quod
960 2533 1050 2595 hanc
1087 2570 1091 2639 Ι

160 2705 162 2710 ·
217 2661 363 2744 reginae
380 2662 416 2724 in
435 2663 602 2723 abbatem
622 2656 919 2721 existimationem
943 2655 1049 2717 etiam
1087 2646 1090 2767 1

217 2785 307 2867 regii
323 2784 473 2847 ministri
490 2795 526 2846 et
542 2783 645 2845 aulae
666 2799 831 2863 proceres
847 2780 1050 2841 habebant?
1087 2770 1090 2911 γ

218 2904 317 2986 Quos
340 2906 432 2969 inter
454 2907 589 2987 primus
612 2921 798 2984 supremus
824 2900 1050 2963 consiliorum
1087 2926 1091 3001 Ι

218 3027 377 3090 minister
407 3029 575 3109 princeps
605 3024 763 3088 Kaunitz
794 3025 839 3085 de
869 3023 1049 3103 Rietberg

219 3151 388 3212 abbatem
404 3169 545 3231 semper
560 3146 814 3229 benignissime
838 3145 990 3226 excepit,
1013 3152 1049 3205 et
1087 3224 1090 3273 Ι

220 3274 397 3352 quondam
422 3272 457 3334 in
478 3272 569 3334 atrio
592 3270 737 3352 reginae
759 3268 850 3330 inter
871 3267 974 3349 primi
995 3286 1050 3329 or-

220 3394 311 3457 dinis
320 3394 498 3457 ministros
510 3392 746 3474 exspectanti,
755 3411 838 3453 mox
848 3411 889 3453 ac
898 3391 1048 3471 viderat,

218 3517 332 3579 amice
344 3536 533 3580 occurrens
546 3516 676 3577 blande
688 3514 863 3576 allocutus
876 3522 944 3576 est:
965 3513 1049 3596 ,Ec-

219 3659 260 3702 ce
275 3639 389 3702 virum
412 3640 512 3701 iuxta
528 3658 589 3700 cor
604 3637 749 3699 meum.“
775 3636 810 3698 Is
834 3637 920 3718 ipse,
944 3653 1048 3716 quem

219 3763 380 3826 extranei
397 3762 566 3824 Austriae
583 3761 770 3822 Nestorem
791 3760 973 3840 appellare
994 3776 1050 3818 so·
1087 3740 1090 3837 l

217 3885 351 3968 lebant,
367 3885 490 3948 abbati
503 3895 659 3966 ectypon
672 3902 771 3944 suum
785 3883 831 3943 ad
843 3881 964 3943 vivum
976 3877 1050 3940 aeri

217 4007 366 4070 incisum
382 4006 588 4087 transmisit,
608 4005 775 4085 apposita
790 4000 983 4065 honorifica
1000 4000 1050 4062 in·

218 4131 425 4213 scriptione;
450 4139 487 4192 et
510 4129 607 4191 nullo
632 4146 702 4189 non
724 4135 885 4207 tempore
908 4143 947 4186 se
971 4142 1049 4185 coe-

213 4253 310 4316 nobii
332 4272 358 4315 s
380 4251 492 4314 Blasii
515 4260 703 4332 patronum
730 4246 895 4310 ostendit.
920 4246 1047 4307 Parem

216 4375 290 4437 fere
314 4373 505 4437 amicitiam
529 4371 653 4433 abbati
678 4369 840 4432 exhibuit
863 4388 981 4430 comes
1002 4368 1047 4430 de

216 4495 423 4558 Bldmichen
440 4512 627 4574 supremus
644 4492 747 4554 aulae
762 4489 995 4553 cancellarius
1012 4500 1047 4552 et

216 4617 254 4681 L.
268 4618 309 4681 B.
323 4619 367 4678 de
380 4615 608 4679 Bartenstein
621 4626 705 4676 tunc
719 4613 911 4695 imperialis
928 4613 1047 4675 iudicii
1085 4592 1088 4653 l

217 4740 321 4801 aulici
333 4740 570 4820 vicepraeses,
584 4738 619 4799 in
633 4736 762 4799 scholis
775 4736 952 4799 Blasianis
965 4737 1047 4798 olim

218 4865 397 4925 educatus
418 4862 544 4923 Plures
561 4862 676 4923 adhuc
692 4860 781 4921 alios
803 4859 905 4920 aulae
926 4879 1047 4922 caesa·
1085 4916 1087 4940 ,

216 5004 299 5046 reae
330 4984 508 5045 ministros
539 4994 575 5045 et
606 4983 834 5063 collegiorum
865 4983 1046 5062 praesides
1084 4960 1087 5045 l

217 5105 360 5185 publica
373 5105 545 5166 litteraria
557 5104 662 5184 fama,
676 5104 851 5165 modestia
864 5115 899 5165 et
912 5124 1046 5165 morum

219 5226 385 5287 comitate
404 5226 472 5285 sibi
493 5236 528 5286 et
548 5226 762 5287 monasterio
784 5226 954 5287 devinxit.
979 5226 1046 5287 Lu-

219 5347 365 5407 dovicus
393 5346 575 5427 Eugenius
603 5349 786 5428 princepe,
818 5359 944 5429 postea
974 5350 1046 5408 dux

218 5464 530 5546 Wiirtembergiae
551 5467 754 5548 religiosam
771 5480 807 5530 et
823 5478 959 5530 arctam
982 5440 1046 5548 ¹per
1083 5450 1087 5548 l

1128 708 1301 791 epistulas
1318 728 1397 770 cum
1413 709 1546 770 abbate
1562 705 1720 768 Martino
1737 703 1825 767 fovit
1838 707 2014 782 amici.

1126 830 1223 913 tiam,
1240 841 1276 893 et
1291 831 1335 893 de
1352 830 1428 893 eius
1444 829 1543 892 obitu
1560 849 1582 891 a
1597 845 1803 890 successore
1827 827 1914 888 abl>
1922 850 2013 910 ate

1128 954 1295 1017 Mauritio
1326 953 1454 1016 certior
1480 952 1612 1034 factus,
1644 949 1758 1013 doluit
1783 949 2009 1037 rescripta

1127 1077 1284 1159 epistula
1295 1075 1501 1138 defunctum
1518 1074 1707 1155 appellans
1723 1070 1818 1134 orbis
1830 1082 2004 1158 emditi

1127 1197 1426 1282 fulgentissimum
1440 1198 1569 1279 lumen,
1590 1205 1628 1259 et
1648 1193 1821 1258 ecclesiae
1838 1193 1923 1259 def
1919 1223 1998 1276 en.

1128 1339 1244 1383 sorem
1259 1318 1569 1382 ferventissimum.
1587 1316 1643 1379 Ex
1659 1315 1783 1379 ordine
1795 1316 1933 1385 eccles
1938 1329 1991 1396 ia,

1129 1443 1219 1505 stico
1249 1461 1384 1524 paucos
1414 1450 1553 1504 tantum
1583 1438 1731 1502 Martini
1760 1437 1901 1501 amicos
1950 1465 1983 1517 et

1128 1564 1297 1645 fautores,
1318 1564 1382 1627 sed
1401 1582 1560 1626 summae
1581 1559 1770 1643 dignitatis
1789 1558 1882 1621 viros
1906 1575 1975 1632 νει

1129 1688 1332 1751 nominasse
1348 1685 1512 1749 sufficiet.
1536 1683 1620 1765 Ipse
1644 1682 1776 1746 Christi
1800 1681 1835 1745 in
1854 1690 1969 1749 terris

1130 1809 1293 1890 vicariuS,
1306 1827 1463 1871 summus
1472 1805 1636 1888 pontifex
1644 1804 1733 1867 Pius
1741 1804 1802 1867 VI.
1811 1808 1965 1868 eunden

1132 1952 1177 1995 ex
1198 1933 1299 2014 nigra
1323 1931 1414 1993 silva
1429 1931 1604 1992 Viennam
1628 1929 1675 1990 ad
1700 1946 1740 1989 se
1764 1925 1964 1989 venientem

1131 2063 1280 2135 paterne
1301 2062 1337 2115 et
1353 2052 1465 2115 amice
1485 2050 1640 2132 excepit,
1666 2049 1779 2112 multa
1802 2067 1869 2111 cum
1885 2039 1966 2108 illo

1132 2179 1177 2239 de
1203 2175 1423 2238 restituenda
1449 2171 1688 2235 sacerdotium
1718 2170 1808 2233 inter
1833 2178 1862 2231 et
1882 2168 1968 2229 itu·

1131 2299 1269 2380 perium
1290 2295 1480 2359 concordia
1500 2292 1688 2371 conferens
1711 2290 1857 2370 consilia,
1873 2282 1972 2370 ple·

1130 2440 1277 2502 rumque
1294 2428 1413 2482 autem
1429 2416 1628 2498 pertinacia
1644 2411 1974 2477 contradicentium

1130 2543 1227 2606 elisa.
1251 2541 1399 2622 Aliquot
1421 2538 1523 2601 annis
1546 2547 1629 2619 post
1653 2556 1719 2619 per
1743 2534 1896 2599 reverend
1914 2520 1976 2585 3&

1129 2664 1205 2727 sim.
1230 2664 1321 2725 dom.
1350 2659 1540 2741 Chaleppi,
1561 2667 1661 2721 rotae
1688 2658 1864 2720 Romanae
1885 2661 1976 2715 gu·

1130 2787 1289 2866 ditorem,
1311 2783 1504 2847 Martinum
1526 2783 1697 2844 abbatem
1716 2788 1870 2862 rogatum
1884 2783 1975 2836 wo

1128 2910 1203 2989 luit,
1220 2919 1259 2971 ut
1275 2927 1339 2969 suo
1356 2905 1496 2968 nomine
1517 2913 1554 2967 et
1575 2904 1765 2986 delegatus
1784 2887 1974 2983 pontificis
2008 2952 2012 2958 .

1129 3031 1276 3094 dissidia
1299 3029 1392 3091 inter
1412 3027 1610 3109 principem
1632 3027 1800 3089 abbatem
1821 3008 1991 3099 campi-⁴

1129 3156 1322 3216 donensem
1342 3160 1379 3214 et
1399 3150 1475 3212 eius
1496 3149 1622 3212 ducale
1647 3127 1837 3230 capitulum
1858 3151 1971 3205 conl·

1129 3283 1279 3358 poneret
1299 3285 1335 3336 et
1355 3293 1480 3355 pacem
1502 3271 1726 3343 restitueret;
1747 3265 1896 3352 quamvis
1939 3254 1970 3315 51¹

1128 3398 1265 3462 deliciis
1283 3395 1479 3476 habuisset,
1503 3392 1707 3456 sanctitatis
1731 3410 1815 3454 suae
1834 3389 1968 3450 volun·

1128 3521 1194 3585 tati
1211 3523 1470 3598 obtemperare,
1486 3517 1556 3578 iam
1568 3535 1640 3578 non
1652 3523 1804 3597 poterat,
1816 3512 1884 3574 Deo
1903 3504 1968 3565 in·

1127 3643 1229 3706 terim
1258 3642 1484 3723 disponente,
1512 3648 1551 3700 ut
1567 3637 1747 3719 ¹princeps
1774 3626 1964 3712 campido-

1128 3763 1249 3828 nensis
1265 3762 1399 3824 romitu
1415 3760 1548 3823 cruoris
1566 3767 1752 3841 correptus
1768 3756 1823 3819 die
1837 3758 1862 3816 8.
1876 3751 1961 3814 Au·

1129 3886 1225 3969 gusti
1248 3885 1406 3947 eiusdem
1426 3883 1509 3945 anni
1525 3881 1623 3944 vitae
1647 3900 1735 3944 suae
1760 3891 1795 3942 et
1818 3881 1955 3940 suorum

1130 4007 1283 4089 querelis
1309 4005 1415 4067 finem
1442 4003 1587 4067 faceret.
1623 4003 1721 4066 Inter
1747 4003 1952 4084 purpurato-5

1128 4128 1328 4191 numeravit
1348 4127 1480 4189 amicos
1497 4124 1716 4187 cardinalem
1732 4123 1886 4188 comitem
1910 4111 1947 4172 de

1128 4250 1288 4333 Migazzi,
1302 4248 1610 4329 archiepiscopum
1621 4247 1863 4322 Viennensem,
1873 4250 1943 4301 car·

1128 4374 1281 4436 dinalem
1300 4371 1529 4433 Franciscum
1550 4372 1595 4432 de
1617 4370 1731 4452 Rodt,
1752 4368 1935 4450 episcopum

1127 4495 1436 4558 Constantiensem
1467 4501 1503 4555 et
1530 4491 1749 4554 cardinalem
1777 4473 1930 4559 Garampi·

1127 4618 1268 4679 Elector
1285 4614 1438 4695 denique
1454 4622 1490 4676 et
1503 4612 1794 4695 archiepiscopus
1805 4608 1925 4686 Mogun·
2007 4658 2010 4663 .

1126 4739 1220 4801 tinus
1236 4737 1354 4801 Fried.
1375 4739 1421 4798 ab
1443 4736 1566 4798 Erthal
1587 4734 1806 4797 amicissimis
1824 4717 1918 4791 litteris
2001 4774 2013 4797 r

1126 4863 1294 4923 abbatem
1311 4880 1380 4922 non
1398 4858 1508 4921 semel
1524 4858 1705 4938 salutavit,
1727 4855 1858 4919 amicum
1873 4839 1914 4904 ad·
1995 4873 2010 4920 :2

1126 4984 1267 5045 modum
1294 4982 1462 5044 dilectum
1485 4981 1684 5061 appellans,
1710 4972 1870 5059 aliquoties
1887 4974 1910 5021 ut
1986 4992 2016 5062 ³25

1125 5104 1351 5186 Moguntium
1367 5105 1413 5165 ad
1431 5123 1469 5165 se
1487 5103 1635 5181 veniret,
1658 5099 1842 5163 humaniter
1852 5079 1906 5149 illi·
1982 5118 2002 5153 -.·.

1126 5237 1247 5289 tatum.
1272 5226 1387 5306 Quam
1404 5227 1523 5306 plures
1536 5224 1626 5285 alios
1644 5244 1690 5285 ex
1709 5212 1902 5285 cardinalibus«
1980 5249 2012 5279 rz-

1127 5349 1305 5428 episcopis
1322 5359 1358 5409 et
1372 5346 1505 5409 clericis
1519 5345 1664 5407 minoris
1677 5339 1842 5428 dignitatis
1854 5341 1901 5391 cun
1978 5350 2017 5430 {27

1127 5469 1205 5549 ipso
1222 5470 1397 5532 amicitiae
1421 5479 1456 5530 et
1478 5467 1662 5530 charitatis
1677 5462 1817 5530 vinculis
1833 5452 1902 5520 luisst
1987 5486 2000 5527 :ae
