4088 6270
774 487 1066 549 -XXV-

177 717 308 782 Omnia
331 716 465 780 ordinis
489 714 675 795 domicilia,
699 712 852 775 maxime
872 730 958 774 vero
981 712 1233 774 monasterium
1248 710 1385 773 Mariae
1402 710 1565 773 Cellense
1581 712 1617 774 in
1636 711 1786 774 Austria

53 856 225 938 inferiore,
248 856 504 935 Lambacense,
528 853 794 915 Lunaelacense
809 851 845 913 in
861 850 1009 914 Austria
1025 849 1217 931 superiore,
1242 869 1268 911 s
1286 850 1384 912 Petri
1400 860 1437 912 et
1452 850 1782 913 Michaelburanum

53 997 82 1058 in
104 992 328 1076 Salisburgo,
352 990 605 1054 monasterium
622 973 868 1052 Admontense
891 989 927 1051 in
951 986 1059 1051 Stiria
1075 989 1108 1067 ¹),
1133 1007 1180 1049 ex
1201 988 1257 1049 his
1280 988 1394 1050 turbis
1418 987 1659 1051 calamitatem
1682 1008 1784 1051 acce·

54 1144 187 1214 perunt.
233 1131 384 1194 Tristior
413 1150 500 1193 vero
530 1148 666 1191 morum
696 1126 914 1209 perversitas
944 1136 1021 1188 erat
1051 1125 1180 1188 exinde
1211 1135 1299 1189 orta.
1346 1124 1526 1188 Effrenata
1558 1127 1651 1188 enim
1683 1126 1787 1189 huius

55 1270 180 1334 saeculi
204 1270 351 1334 licentia
371 1269 479 1331 etiam
501 1265 794 1330 monasteriorum
817 1274 939 1346 portas
960 1263 1193 1345 perfregerat,
1218 1263 1334 1326 omnia
1351 1263 1553 1343 miscuerat,
1577 1284 1712 1327 morum
1736 1266 1787 1327 in-

55 1409 255 1491 tegritatem
278 1426 423 1488 pessum
448 1408 606 1469 dederat.
645 1404 746 1486 Quae
770 1403 954 1466 calamitas
984 1422 1029 1465 ne
1056 1402 1199 1485 longius
1228 1404 1492 1485 extenderetur,
1516 1405 1661 1466 tandem
1685 1402 1787 1467 Sum-

56 1568 183 1611 norum
205 1545 420 1610 Pontificum
443 1545 669 1626 providentia
691 1554 834 1606 cautum
859 1553 923 1606 est.
962 1543 1191 1605 Innocentius
1214 1542 1287 1622 IIL,
1317 1562 1468 1623 magnus
1491 1541 1675 1622 Pontifex,
1705 1560 1787 1604 con·

58 1686 172 1767 stituit,
197 1697 238 1748 ut
261 1684 404 1748 comitia
427 1683 561 1747 ordinis
584 1704 605 1745 a
628 1681 925 1745 Cisterciensibus
948 1682 1099 1763 primum
1124 1681 1247 1744 habita
1269 1701 1291 1742 a
1313 1680 1457 1760 reliquis
1482 1699 1623 1762 quoque
1641 1700 1788 1762 congre-

59 1825 254 1907 gationibus
278 1824 553 1886 celebrarentur.
599 1820 721 1884 Tertio
745 1840 886 1902 quoque
910 1840 1002 1883 anno
1026 1820 1333 1900 monasteriorum,
1365 1820 1425 1900 qui
1457 1819 1512 1881 sui
1542 1819 1628 1881 iuris
1656 1829 1787 1899 essent,

61 1963 282 2044 abbatiarum,
314 1962 534 2043 prioratuum
562 1958 748 2041 praesides
772 1958 1002 2022 convenirent
1034 1970 1070 2020 et
1101 1960 1145 2020 de
1177 1958 1365 2038 disciplina
1395 1957 1558 2022 instituta
1589 1959 1634 2019 ad
1666 1978 1789 2021 omnes

64 2101 264 2183 pertinentia
288 2108 539 2181 proponerent.
578 2097 658 2159 Hoc
681 2096 880 2159 institutum
903 2098 949 2158 ab
965 2095 1123 2158 Honorio
1140 2096 1202 2159 III.
1227 2105 1262 2157 et
1287 2092 1462 2177 Gregorio
1483 2095 1551 2160 IX.
1576 2096 1625 2159 ita
1646 2106 1789 2159 auctum

67 2253 125 2319 est,
154 2249 192 2301 ut
223 2238 367 2302 comitia
397 2236 588 2319 quotannis
622 2238 848 2298 haberentur.
894 2236 994 2298 Idem
1025 2254 1090 2316 per
1119 2235 1294 2316 synodum
1326 2234 1585 2297 dioecesanam
1604 2234 1788 2299 Vindobo-

70 2396 194 2440 nensem
224 2375 308 2439 anni
346 2381 425 2454 1267
455 2374 699 2437 Benedictinis
730 2374 980 2437 archiducatus
1011 2373 1192 2435 Austriaci
1223 2372 1438 2435 inculcatum
1470 2382 1542 2446 est;
1574 2393 1788 2454 quamquam

73 2514 165 2595 prima
193 2514 338 2578 comitia
369 2513 502 2576 ordinis
531 2533 611 2592 1274
642 2514 783 2575 demum
814 2510 1016 2594 Salisburgi
1049 2511 1172 2574 habita
1206 2518 1298 2591 sunt,
1333 2529 1411 2572 cum
1443 2510 1645 2574 Fridericus
1676 2512 1789 2575 archi·

76 2653 240 2734 episcopus
263 2649 548 2732 Salisburgensis
573 2649 608 2711 in
632 2649 782 2711 concilio
797 2649 1018 2730 provinciali,
1042 2668 1135 2711 anno
1157 2650 1396 2730 praecedente
1418 2649 1552 2729 habito,
1576 2651 1789 2713 auctoritate

79 2789 189 2852 concilii
211 2787 465 2872 Lugdunensis
488 2798 700 2869 commotus,
728 2798 767 2850 ut
790 2789 953 2851 instituta
976 2787 1174 2851 Innocentii
1199 2787 1261 2851 III.
1285 2789 1430 2850 tandem
1453 2798 1695 2871 servarentur,
1726 2789 1790 2852 irn-

81 2938 212 3004 perasset
226 2930 260 3008 ²).
307 2926 388 3008 Quo
419 2926 558 2989 facilius
590 2925 799 2988 instauratio
832 2926 965 2988 ordinis
995 2905 1119 3008 fieret,
1140 2925 1358 2989 Benedictus
1382 2926 1466 2989 XII.
1490 2928 1588 2989 bulla
1618 2926 1788 3012 „Summi-

82 3065 212 3147 nagistri
234 3065 417 3148 dignati0“
448 3067 533 3128 data
560 3074 643 3127 ante
671 3065 765 3127 diem
788 3065 863 3128 XII
886 3064 1062 3128 Calendas
1086 3065 1194 3128 Iulias
1217 3065 1300 3126 anni
1328 3070 1408 3128 1336
1435 3077 1548 3131 totum
1572 3068 1731 3131 ordinem
1754 3069 1790 3132 in

33 3222 36 3227 ¹
83 3204 251 3282 provincias
275 3203 398 3267 divisit
421 3203 561 3285 aliaque
584 3204 631 3265 ad
655 3202 879 3283 disciplinam
902 3203 1118 3285 pertinentia
1142 3206 1303 3270 decrevit
1316 3209 1351 3288 3).

182 3343 246 3405 His
268 3342 380 3426 igitur
402 3342 498 3404 sedis
522 3341 741 3424 apostolicae
765 3342 929 3424 decretis,
958 3363 1050 3424 quae
1078 3343 1114 3405 in
1137 3344 1298 3425 pluribus
1328 3344 1486 3407 conciliis
1509 3344 1788 3426 provincialibus

85 3475 249 3565 Salisburgi
280 3481 413 3543 habitis
448 3500 513 3561 pro
546 3491 745 3561 temporum
781 3491 817 3543 et
849 3481 1006 3544 locorum
1041 3481 1250 3545 diversitate
1288 3484 1433 3565 saepius
1471 3485 1789 3566 commutabantur,

86 3615 217 3682 effectum
241 3631 306 3702 est,
330 3630 371 3683 ut
393 3621 480 3682 ordo
504 3639 616 3681 novas
640 3629 787 3700 caperet
809 3620 918 3702 vires,
943 3630 979 3683 et
1001 3622 1115 3684 laetos
1138 3625 1340 3703 uberesque
1366 3620 1504 3686 fructus
1532 3622 1725 3703 praecipue
1754 3623 1790 3684 in

87 3757 162 3818 terris
181 3758 319 3840 Alpinis
343 3756 481 3839 imperii
502 3756 685 3820 Austriaci
707 3756 826 3819 ferret.
872 3757 1007 3840 Magna
1038 3760 1187 3840 praedia
1216 3769 1365 3841 propter
1396 3780 1513 3824 rerum
1545 3760 1789 3824 confusionem

86 3906 196 3959 vastata
217 3908 252 3960 et
276 3900 420 3960 deserta
443 3898 559 3960 denuo
583 3896 650 3959 coli
674 3907 803 3978 coepta
825 3906 918 3959 sunt.
957 3896 1100 3979 Ubique
1124 3899 1160 3960 in
1182 3897 1302 3961 fundis
1334 3909 1369 3961 et
1397 3899 1686 3981 possessionibus
1713 3899 1789 3961 eius

87 4033 224 4099 ecclesiae
247 4047 284 4099 et
307 4035 462 4099 oratoria
485 4032 674 4098 aedificata
697 4045 794 4116 sunt,
827 4055 873 4097 ex
896 4036 1025 4117 quibus
1048 4037 1233 4117 paullatim
1265 4037 1456 4119 parochiae
1486 4039 1687 4121 prodibant.
1733 4038 1789 4100 Ita

86 4170 144 4246 plus
163 4176 308 4237 ducenta
332 4173 468 4256 oppida
490 4184 527 4236 et
548 4171 627 4235 fora
649 4192 742 4235 nunc
765 4174 935 4254 opulenta
958 4194 979 4236 a
1002 4174 1247 4238 Benedictinis
1271 4176 1446 4258 originem
1471 4178 1604 4239 ducunt
1618 4177 1652 4256 4).

184 4311 280 4376 Haec
303 4312 534 4392 incrementa,
568 4329 659 4391 quae
689 4313 776 4374 ordo
807 4311 844 4374 in
872 4311 976 4374 terris
999 4312 1142 4394 Alpinis
1172 4316 1293 4378 seculo
1325 4314 1462 4378 decimo
1495 4313 1601 4377 tertio
1631 4325 1787 4395 ceperat,

86 4462 142 4508 cum
169 4451 345 4514 beneficiis
377 4461 413 4514 et
444 4449 743 4532 immunitatibus,
776 4470 866 4530 quae
898 4471 916 4512 a
949 4452 1095 4514 summis
1125 4451 1354 4533 pontificibus
1362 4502 1371 4535 ,
1404 4452 1600 4534 episcopis,
1632 4453 1787 4534 regibuS,

86 4619 361 4637 κ...-

185 4746 204 4826 ¹)
226 4749 316 4805 Plura
340 4750 370 4803 in
393 4749 496 4805 Friess
520 4745 655 4804 Studien.
680 4748 820 4804 Monachi
843 4747 1077 4815 Admontenses‚
1101 4768 1168 4805 cum
1185 4750 1309 4824 praedia
1325 4768 1429 4807 eorum
1446 4752 1486 4806 ita
1501 4749 1659 4806 devastata
1675 4764 1787 4814 essent,

85 4863 107 4904 lt
122 4853 186 4915 lame
207 4876 237 4916 et
261 4862 365 4934 inopia
388 4872 606 4935 premerentur,
630 4878 667 4915 ex
691 4859 758 4916 solo
774 4861 874 4934 patrio
891 4857 1099 4935 Salisburgum
1122 4861 1292 4935 demigrare
1316 4865 1414 4919 coacti
1432 4874 1510 4928 sunt,
1535 4861 1585 4918 ubi
1606 4881 1624 4918 a
1644 4861 1788 4919 fratribus

84 4978 101 5015 ⁵·
111 4964 182 5038 Petri,
194 4975 332 5048 quamvis
351 4985 381 5040 et
398 4973 453 5047 ipsi
467 4969 695 5046 perturbatione
709 4971 787 5028 civili
801 4985 1019 5046 premerentur,
1034 4973 1164 5048 benigne
1180 4973 1417 5050 excipiebantur.
1436 4974 1590 5041 Wichner.
1604 4974 1736 5032 Admont
1748 4975 1785 5030 II.

182 5083 203 5163 ²)
226 5086 273 5143 De
297 5085 516 5143 instauratione
532 5084 647 5140 ordinis
663 5084 769 5141 confer
785 5103 862 5159 opus
880 5088 1011 5160 spissum
1027 5084 1223 5143 Schmiederii
1241 5085 1478 5143 Lambacensis:
1503 5087 1560 5142 Die
1577 5087 1788 5143 Benedictiner

84 5185 283 5253 Ordensrelorm
309 5199 348 5253 im
373 5197 455 5253 Xlll.
479 5196 539 5252 und
562 5196 643 5253 XIV.
667 5196 877 5271 Jahrhundert.

181 5309 202 5387 ³)
225 5308 401 5375 Cherubim,
424 5310 586 5365 Bullarium
610 5327 749 5383 magnum
773 5310 795 5365 Ι.
824 5324 893 5383 179.

181 5420 203 5501 ⁴)
226 5425 331 5479 Friess
357 5423 374 5478 l.
401 5441 426 5479 c.
450 5435 480 5478 et
503 5424 646 5479 historias
669 5422 857 5495 singulorum
880 5427 1141 5481 monasteriorum.
