4088 6270
800 528 1082 597 ,513-

153 718 222 773 XII.
250 717 314 773 11115
338 716 405 772 dem
429 716 648 772 Calendarium.
676 717 737 771 Fur
760 715 898 771 Freunde

65 821 124 877 und
132 822 287 878 Verehrer
298 820 353 877 der
366 821 434 876 heil.
447 820 557 877 Biltler.
570 817 599 898 (i.
614 838 640 875 e.
655 820 701 876 Ex
715 819 896 876 calendario.

65 927 123 980 Pro
141 944 165 981 5.
183 926 342 998 imaginum
360 921 548 1000 cultoribus)
566 924 650 988 Linz,
672 922 763 996 1878.

151 1047 235 1103 XIII.
258 1047 378 1102 Bericht
395 1043 470 1102 iiber
487 1048 587 1120 einige
602 1046 767 1102 kirchliche
784 1046 897 1101 Kunst·

62 1152 168 1207 werke
196 1153 234 1207 im
262 1151 452 1224 Mattigthale
483 1151 541 1206 und
569 1150 678 1207 dessen
707 1149 896 1223 Umgebung.

62 1252 92 1332 (i.
111 1274 137 1311 e.
161 1255 280 1310 Relatio
302 1255 339 1311 de
361 1254 495 1310 artificiis
519 1254 733 1311 ecclesiasticis
757 1256 785 1309 in
809 1254 896 1316 valle,

62 1378 153 1434 quam
168 1360 294 1433 Illattiga
307 1354 471 1436 interfluit.)
488 1360 520 1414 In
534 1358 592 1414 den
604 1358 832 1431 hlittheilungen
845 1357 898 1413 der

62 1465 92 1520 k.
111 1465 139 1519 k.
158 1463 512 1519 CentraI-Commission
538 1483 591 1518 zur
611 1462 820 1535 Erlorschung
844 1462 897 1517 ‹ler

62 1568 296 1623 Raudenkmale.
319 1567 409 1640 1872.
427 1568 495 1624 CIX
512 1587 540 1643 p.

150 1671 231 1727 XIV.
261 1671 518 1727 Kunstdenkmale
545 1673 573 1726 in
602 1669 817 1727 Schleissheim
846 1669 896 1727 bei

61 1775 158 1831 Wels.
191 1771 221 1852 (i.
250 1794 276 1831 e.
306 1776 411 1851 Opera
437 1777 577 1849 antiquae
605 1777 679 1830 artis
710 1777 739 1829 in
767 1773 896 1830 ecclesia

60 1876 300 1958 Schleissheim.)
321 1879 554 1937 Ebendaselbst.
576 1879 666 1952 1876.
688 1881 772 1935 Neue
788 1879 894 1952 Fulge.
946 1930 949 1935 .

62 1984 100 2039 II.
119 1984 191 2038 XXI
209 2002 238 2058 p.

150 2087 216 2143 XV.
236 2088 292 2143 Die
309 2086 428 2143 Il'aflen
445 2087 503 2143 und
520 2087 661 2163 Wappen
678 2087 799 2143 Christi.
824 2083 852 2163 (i.
867 2105 893 2142 e.

61 2193 108 2247 De
131 2195 223 2248 armis
247 2206 276 2248 et
298 2194 405 2266 insigni
423 2190 555 2268 Christi.)
579 2191 759 2248 Christliche
784 2193 895 2247 Kunst-

59 2294 184 2351 blatter.
203 2312 231 2367 9.
248 2296 351 2371 Jahrg.
368 2297 425 2352 No,
441 2309 458 2367 3
478 2291 639 2373 (10-12).

149 2399 230 2455 XVI.
262 2400 326 2455 Der
353 2397 558 2455 Stammbaum
587 2399 707 2455 Christi.
740 2394 768 2475 (i.
794 2417 820 2454 e.
848 2399 895 2453 De

60 2516 222 2558 stemmate
236 2501 368 2580 Christi.)
382 2502 614 2559 Ebendaselbst.
631 2504 688 2558 No.
701 2519 720 2575 4
733 2499 894 2580 (15—16).

61 2605 178 2662 Eadem
197 2609 321 2662 materia
338 2606 571 2663 continuabitur.
634 2656 637 2666 .

149 2711 244 2766 XVII.
263 2711 320 2766 Die
334 2711 476 2767 Ktinstler
489 2711 543 2767 des
554 2711 742 2767 Mittelalters
759 2712 818 2767 und
831 2712 894 2767 ihre

60 2814 187 2869 Werke.
206 2811 235 2890 (i.
254 2833 280 2870 e.
297 2815 344 2871 De
361 2814 525 2872 artificibus
541 2814 629 2870 medii
646 2817 712 2870 aevi
729 2834 894 2890 eorumque

59 2914 229 2996 operibus)
247 2919 288 2973 lm
298 2919 437 2974 Berichte
451 2917 524 2973 iiber
538 2918 585 2973 die
595 2917 893 2975 Generalversamm-

58 3021 132 3095 lung
150 3021 205 3078 (les
223 3022 634 3078 Didcesan-Kunstvereines
651 3024 679 3076 in
695 3023 779 3078 Linz.
801 3022 891 3079 1866.

57 3132 100 3197 4⁰·
119 3145 151 3200 P·
168 3139 263 3197 3-5·

147 3270 340 3343 Winkler
371 3283 658 3346 Venceslaus
695 3284 891 3369 (Raigra-

56 3398 243 3478 diensis),
256 3399 426 3463 Moravus
437 3401 718 3464 Aichhornensis
730 3424 779 3465 22.
791 3402 890 3484 Sept.

60 3524 144 3599 1728
161 3529 275 3583 natus.
300 3521 388 3584 Post
412 3532 558 3603 peracta
584 3524 702 3585 studia
725 3523 890 3587 inferiora

55 3644 102 3705 ad
116 3643 337 3705 academiam
350 3643 623 3708 Olomucensem
633 3656 889 3729 transgressus,

55 3765 177 3845 ibique
199 3785 263 3845 per
287 3776 359 3827 tres
383 3787 494 3829 annos
515 3768 760 3831 humani0rum
783 3790 891 3832 causa

55 3896 222 3947 versatus
231 3936 240 3967 ,
279 3888 417 3968 logicae
457 3890 605 3971 aliisque
644 3891 891 3972 peripateticis

55 4007 238 4069 exercitiis
255 4009 439 4090 egregiam
452 4011 598 4073 navavit
615 4031 760 4092 operam
775 4023 810 4075 et
823 4013 891 4075 vir-

55 4140 171 4190 tutum
188 4129 317 4210 studio,
334 4151 550 4213 morumque,
566 4133 625 4213 qui
642 4153 662 4194 a
678 4134 819 4216 legibus
832 4137 891 4196 de-

55 4250 260 4312 siderantur
276 4252 499 4334 academicis,
522 4264 645 4316 tenore
661 4256 892 4317 moderatori-

54 4375 123 4434 bus
141 4373 216 4434 suis
232 4375 373 4454 plenam
391 4376 490 4438 dedit
502 4377 793 4440 satisfactionem.
816 4379 890 4441 Ad-

53 4495 170 4556 hibita
188 4494 343 4576 diligens
360 4498 588 4578 praeparatio
605 4499 804 4580 mentisque
821 4501 891 4562 dis·

54 4617 173 4679 6115510
197 4617 360 4679 iuvenem
383 4619 539 4682 sedecim
564 4640 735 4683 annorum
759 4623 805 4684 ad
830 4643 890 4684 no-

54 4748 167 4802 strum
196 4739 348 4802 adduxit
374 4742 641 4822 monasterium,
671 4743 706 4804 in
735 4764 820 4824 qu0,
851 4757 890 4807 ut

53 4861 312 4942 susciperetur,
335 4881 356 4922 a
377 4882 499 4944 praep.
517 4863 702 4926 Matthaeo
722 4865 889 4945 precibus

51 4981 261 5063 impetravit
277 4992 313 5045 et
332 4994 414 5064 post
433 4984 627 5047 novitiatus
640 4985 722 5047 anni
736 4987 888 5049 curricu-

52 5104 126 5167 lum
144 5109 173 5166 5.
187 5104 275 5167 Dec.
298 5111 376 5184 1745
396 5106 430 5167 111
447 5127 572 5168 manus
589 5108 748 5170 eiusdem
765 5128 888 5189 praep.

51 5227 240 5289 sollemnia
265 5227 380 5290 emisit
402 5238 497 5309 vota,
522 5249 651 5291 nomen
675 5230 887 5310 baptismale

50 5350 222 5412 retinens
248 5348 336 5411 Tum
361 5353 407 5413 ad
431 5351 549 5413 studia
570 5351 773 5434 theologica
794 5354 888 5415 domi

49 5492 89 5535 se
115 5470 292 5552 accinxit,
314 5473 442 5553 quibus
465 5474 691 5536 laudabiliter
715 5475 888 5538 absolutis

939 711 942 750 ¹
980 711 1181 774 sacerdotio
1204 711 1362 774 initiatur
1383 721 1419 774 et
1439 732 1532 775 anno
1553 717 1631 791 1752
1657 713 1692 776 in
1715 714 1810 777 festo

979 834 1240 897 Purificationis
1265 834 1439 917 primitias
1461 838 1666 902 celebravit.
1690 837 1810 901 Conti-

978 976 1048 1018 nuo
1064 966 1251 1038 neomysta
1266 958 1419 1039 Iosepho
1438 957 1599 1022 Ortovitz
1620 960 1809 1023 bibliothe-

978 1078 1073 1141 cario
1085 1079 1250 1141 solatium
1262 1080 1365 1141 datur
1375 1100 1488 1161 quem,
1503 1091 1541 1144 ut
1554 1081 1589 1143 ln
1602 1081 1809 1145 ordinandis

977 1200 1076 1262 libris
1100 1200 1295 1282 adiuvaret,
1314 1202 1458 1283 excepit
1474 1204 1690 1285 mandatum,
1705 1205 1808 1266 simul

976 1342 1062 1384 vero
1101 1323 1340 1403 praedicando
1376 1326 1522 1387 verbum
1562 1327 1719 1390 diVinum
1754 1348 1808 1391 se·

977 1445 1060 1505 dulo
1073 1463 1218 1525 operam
1232 1444 1414 1526 impendit.
1432 1446 1654 1529 Philologiae
1667 1468 1808 1530 semper

976 1566 1238 1629 amantissimus
1250 1568 1429 1630 remansit.
1454 1569 1514 1631 Ad
1527 1571 1756 1633 excitandum
1772 1572 1806 1634 in

977 1687 1106 1750 Christi
1130 1689 1253 1751 militia
1276 1689 1452 1753 fervorem
1477 1711 1600 1775 praep.
1619 1694 1805 1757 Bonaven-

975 1821 1055 1871 tura
1067 1810 1305 1872 Venceslaum
1323 1833 1350 1874 2.
1369 1813 1464 1895 Aug.
1487 1819 1564 1893 1757
1583 1814 1806 1896 subpriorem

976 1933 1101 1993 domus
1121 1932 1207 1996 fecit
1230 1946 1266 1995 et
1287 1935 1452 1997 absoluto
1473 1938 1518 1997 ab
1543 1935 1661 1999 officio
1680 1938 1807 2000 biblio·
1849 1917 1852 1924 ’

975 2054 1132 2134 thecarii,
1155 2055 1367 2135 inspectoris
1388 2057 1526 2119 culinae
1549 2079 1590 2120 ac
1612 2059 1806 2140 provisoris

974 2177 1193 2257 provinciam
1221 2178 1459 2242 demandavit.
1499 2180 1621 2242 Bonae
1648 2182 1804 2265 discipli-

975 2317 1042 2359 nae
1069 2298 1349 2361 studiosissimus
1377 2300 1536 2382 explevit
1562 2303 1607 2364 ad
1635 2304 1803 2367 amussim

976 2420 1167 2500 superioris
1189 2421 1356 2484 mandata
1376 2442 1507 2505 neque,
1529 2434 1567 2487 ut
1588 2435 1713 2488 exorto
1739 2447 1803 2508 per

975 2541 1151 2603 Borussos
1174 2562 1267 2605 anno
1293 2549 1373 2623 1758
1395 2546 1564 2627 tumultu,
1586 2557 1689 2629 terga
1710 2567 1801 2610 mon.

974 2674 1130 2725 verteret
1158 2665 1324 2745 exemplo
1347 2666 1474 2746 prloris
1500 2679 1523 2731 t.
1548 2678 1572 2731 t.
1598 2669 1715 2731 induci
1739 2690 1801 2751 po-

973 2795 1076 2866 terat,
1089 2785 1194 2848 immo
1210 2788 1330 2868 potius
1344 2798 1464 2851 custos
1477 2790 1602 2852 domus
1614 2810 1801 2854 remanens

973 2925 1037 2987 per
1054 2907 1180 2970 missas
1196 2910 1332 2991 legales
1349 2909 1531 2973 citatorias
1555 2913 1601 2974 ad
1626 2924 1802 2977 monaste-

971 3030 1059 3091 rium
1077 3030 1111 3092 in
1128 3029 1215 3112 fuga
1231 3031 1443 3094 constitutos
1455 3034 1647 3096 revocavit.
1672 3035 1800 3117 Praep.

973 3151 1224 3214 Bonaventura
1241 3152 1316 3214 vita
1338 3152 1460 3216 functo
1484 3175 1554 3216 una
1578 3176 1657 3218 cum
1674 3157 1713 3219 P.
1727 3158 1756 3220 F
1758 3159 1801 3220 ri-

972 3274 1090 3335 derico
1107 3273 1224 3354 priore
1241 3284 1277 3336 et
1290 3274 1329 3335 P.
1344 3275 1515 3339 Othmaro
1532 3279 1801 3359 praepositurae

971 3396 1183 3458 candidatus
1201 3416 1220 3458 e
1236 3397 1372 3479 gremio
1388 3397 1535 3461 fratrum
1548 3401 1723 3484 Raigrad.
1741 3423 1801 3464 no-

970 3519 1131 3601 minatur,
1148 3520 1243 3582 unde
1259 3530 1370 3602 patet,
1388 3541 1468 3584 eum
1485 3522 1638 3585 omniurn
1654 3524 1722 3586 sibi
1740 3526 1800 3586 ad-

970 3641 1158 3721 quisivisse
1171 3663 1306 3705 morum
1316 3663 1457 3706 suorum
1471 3646 1623 3706 candore
1636 3645 1800 3707 aestima-

969 3763 1112 3827 tionem.
1144 3765 1287 3827 Electus
1315 3775 1370 3827 est
1395 3765 1586 3829 Othmarus
1613 3767 1649 3828 in
1676 3786 1799 3848 praep.

975 3906 1021 3964 17.
1035 3886 1098 3949 Iul.
1116 3891 1206 3967 1764,
1218 3886 1279 3967 qui
1287 3886 1535 3969 Venceslaum,
1554 3888 1634 3950 inde
1648 3891 1694 3950 ab
1707 3909 1799 3951 anno

975 4011 1052 4085 1762
1081 4012 1131 4070 26.
1155 4008 1258 4070 Febr.
1283 4009 1476 4089 parochum
1499 4009 1637 4091 Raigr,
1661 4010 1799 4072 sincero

972 4130 1162 4191 adamabat
1187 4150 1306 4192 amore
1332 4141 1368 4192 et
1389 4131 1562 4193 ecclesiae
1583 4152 1610 4195 5.
1628 4132 1741 4194 crucis
1765 4133 1799 4194 in

971 4253 1105 4333 oppido
1133 4253 1296 4335 Raigrad
1328 4254 1567 4316 exstruendae
1595 4274 1698 4323 anno¹
1719 4261 1798 4333 1765

971 4375 1145 4437 commisit
1158 4375 1510 4439 administrationem.
1529 4378 1568 4440 P.
1578 4377 1799 4440 Venceslaus

970 4497 1098 4559 multos
1115 4495 1325 4559 affabilitate
1342 4516 1406 4558 sua
1419 4507 1545 4560 nactus
1563 4507 1618 4560 est
1634 4498 1799 4560 benefac-

969 4628 1074 4698 toreS,
1096 4619 1218 4698 sicque
1240 4617 1367 4699 effecit,
1393 4628 1431 4681 ut
1455 4619 1598 4681 biennio
1621 4631 1704 4701 post
1727 4639 1798 4684 sec.

969 4741 1145 4803 dominica
1161 4751 1243 4821 post
1260 4741 1395 4820 pascha
1411 4740 1563 4802 ecclesia
1583 4740 1799 4822 amplificata

968 4864 1128 4925 sollemni
1153 4863 1223 4925 ritu
1250 4862 1414 4924 benedici
1442 4863 1606 4945 potuerit.
1641 4863 1798 4925 Decreto

969 4984 1203 5047 consistoriali
1229 4986 1324 5047 ddto.
1353 5005 1398 5046 10.
1420 4986 1508 5065 Apr.
1533 4985 1690 5047 eiusdem
1715 4985 1798 5048 anni

968 5107 1118 5169 ecclesia
1142 5108 1188 5168 ad
1212 5125 1238 5169 s.
1256 5126 1395 5169 crucem
1417 5106 1452 5168 in
1472 5107 1710 5187 parochialem
1726 5109 1797 5170 ele-

968 5238 1051 5291 vata
1067 5229 1134 5291 luit
1150 5240 1185 5290 et
1198 5228 1418 5291 Venceslaus
1435 5249 1562 5291 novam
1580 5231 1721 5291 domum
1735 5250 1797 5310 pa·

967 5351 1156 5413 rochialem
1183 5351 1265 5413 huic
1292 5351 1434 5413 obviam
1463 5350 1566 5412 sitam
1597 5350 1797 5414 inhabitare

968 5473 1086 5555 coepit
1101 5493 1213 5554 usque
1235 5475 1280 5534 ad
1302 5492 1429 5534 annum
1452 5491 1547 5553 1770,
1568 5492 1638 5553 quo
1655 5475 1797 5536 domum

1536 5577 1568 5638 65
