4088 6270
770 507 813 515 -
859 470 981 533 XLIII
1026 509 1067 518 -

58 692 343 774 archiepiscopus
376 693 493 757 factus
525 704 597 776 est,
629 693 843 777 Tergestum
877 695 1077 777 petierunt,
1112 695 1172 757 ubi
1207 706 1386 760 annuente
1424 707 1461 761 et
1495 698 1640 762 iuvante
1674 700 1790 764 Ma'ria

58 833 229 915 Therasia,
253 833 425 897 Austriae
447 832 682 915 imperatrice,
706 852 836 896 novam
860 834 1177 917 congregationem
1200 835 1435 900 condiderunt
1450 838 1484 919 ¹).

177 971 307 1053 Itaque
330 971 489 1034 ordinem
512 991 539 1034 s.
557 972 745 1035 Benedicti
769 992 815 1035 ex
837 974 903 1035 hac
928 992 1069 1055 quoque
1092 982 1309 1056 tempestate
1333 977 1495 1056 quamvis
1516 977 1652 1041 viribus
1675 978 1787 1042 immi-

59 1120 171 1174 nutum
193 1120 316 1174 tamen
340 1130 410 1174 non
432 1110 587 1174 fractum
609 1111 786 1193 prodiisse
809 1112 981 1175 videmus.

829 1457 935 1522 CAP.
958 1457 1002 1519 V.

178 1664 303 1728 Novae
342 1665 521 1747 procellae
559 1666 673 1728 ordini
710 1666 827 1729 medio
867 1666 1011 1728 saeculo
1050 1666 1339 1730 duodevicesimo
1378 1668 1637 1733 imminuerunt.
1684 1670 1785 1752 Quae

61 1806 174 1867 turbae
197 1803 265 1866 illis
289 1803 459 1867 doctrinis
483 1802 730 1867 efficiebantur
753 1813 789 1867 et
811 1806 1008 1886 alebantur,
1034 1824 1126 1885 quae
1150 1824 1197 1867 ex
1213 1803 1331 1868 Gallia
1347 1806 1532 1887 profectae
1555 1817 1669 1871 totum
1693 1810 1785 1873 occi·

63 1943 192 2005 dentem
226 1942 426 2005 miscebant
460 1953 496 2004 et
530 1942 688 2024 speciem
723 1942 969 2024 philosophiae
1003 1961 1090 2023 prae
1126 1963 1164 2006 se
1199 1942 1356 2006 ferentes
1391 1945 1575 2026 antiquum
1604 1945 1783 2012 vinculum

65 2082 238 2161 potestatis
261 2082 528 2146 ecclesiasticae
552 2091 589 2145 et
613 2081 728 2145 civilis
751 2082 1006 2146 dissolvebant.
1051 2083 1129 2144 Has
1152 2083 1343 2164 doctrinas,
1373 2104 1465 2165 quae
1494 2084 1676 2148 ordinibus
1704 2087 1784 2150 reli-

68 2218 161 2301 giosis
186 2219 380 2301 praecipue
405 2220 523 2283 fraudi
554 2231 672 2302 erant,
704 2241 749 2284 ne
779 2221 961 2302 principes
988 2221 1291 2304 Habsburgenses
1323 2222 1467 2303 quidem
1496 2243 1518 2285 a
1547 2222 1678 2287 finibus
1711 2225 1784 2287 suis

71 2378 171 2421 arcere
191 2370 394 2441 potuerunt.
432 2362 558 2442 Itaque
582 2360 804 2441 factumest,
828 2369 867 2422 ut
890 2360 940 2422 ibi
962 2360 1062 2444 leges
1085 2360 1270 2441 ferrentur,
1301 2360 1430 2442 quibus
1456 2361 1615 2444 religiosi
1644 2363 1679 2424 in
1707 2363 1783 2426 iure

72 2515 121 2559 suo
139 2497 462 2580 interpellebantur.

177 2637 283 2699 Tales
300 2646 402 2698 erant
417 2637 518 2719 leges
534 2656 665 2719 graves
679 2639 724 2699 de
737 2636 1073 2718 amortisationihus,
1087 2656 1179 2718 quae
1196 2637 1370 2719 dicuntur,
1384 2637 1511 2700 deinde
1525 2639 1654 2719 quibus
1668 2640 1782 2704 libera

75 2792 134 2835 cum
153 2775 232 2838 sede
252 2774 452 2857 apostolica
474 2775 746 2838 communicatio
770 2776 1037 2858 prohibebatur,
1061 2785 1136 2839 tum
1159 2797 1204 2838 ne
1227 2787 1312 2840 vota
1336 2777 1518 2839 sollemnia
1542 2788 1625 2842 ante
1648 2742 1779 2843 annum

76 2912 250 2977 vicesimum
266 2914 429 2996 quintum
448 2914 578 2976 aetatis
596 2913 851 2996 emitterentur,
869 2915 1022 2996 denique
1039 2924 1078 2977 ut
1093 2914 1312 2978 fortunarum
1328 2914 1589 2980 administratio
1605 2921 1779 2999 potestati

76 3049 148 3113 civili
167 3054 454 3134 demandaretur,
483 3064 665 3133 postremo
688 3062 727 3116 ut
750 3052 863 3116 libera
885 3056 1055 3116 abbatum
1080 3055 1223 3137 electi0,
1247 3054 1461 3117 novitiorum
1485 3058 1653 3138 exceptio
1661 3107 1670 3139 ,
1701 3058 1780 3140 ipse

76 3191 337 3254 monasteriorum
361 3209 530 3253 numerus
554 3200 781 3254 coerceretur
795 3193 829 3272 ²).

175 3329 238 3392 His
261 3329 403 3412 legibus
427 3329 533 3392 etiam
557 3329 841 3410 antiquissimum
865 3330 1003 3412 imperii
1026 3331 1185 3394 ordinem
1214 3331 1248 3393 in
1278 3331 1466 3394 discrimen
1490 3343 1658 3397 vocatum
1685 3355 1778 3417 csse,

77 3477 201 3548 nonest,
224 3469 322 3550 quod
345 3485 560 3532 moneamus.
606 3468 687 3531 Filii
710 3490 738 3533 s.
761 3469 949 3532 Benedicti
972 3480 1062 3551 tum,
1092 3491 1172 3533 cum
1195 3480 1280 3552 post
1303 3481 1453 3535 mortem
1477 3471 1595 3536 Caroli
1617 3473 1691 3556 VL,
1717 3478 1777 3558 qui

77 3601 168 3667 ultima
188 3606 521 3688 Habsburgensium
545 3607 654 3689 stirps
677 3607 789 3670 virilis
812 3617 899 3690 erat,
924 3629 1053 3692 graves
1077 3617 1312 3691 tempestates
1336 3610 1521 3692 imperium
1545 3612 1776 3677 Austriacum

78 3744 303 3826 concutiebant,
327 3744 386 3827 pie
402 3765 424 3807 a
440 3746 604 3827 partibus
621 3745 757 3809 Mariae
775 3746 969 3809 Theresiae
991 3745 1086 3810 filiae
1110 3748 1186 3810 eius
1209 3756 1246 3810 et
1269 3749 1411 3812 heredis
1435 3757 1610 3813 steterant
1633 3761 1669 3814 et
1692 3752 1778 3814 nihil

79 3897 128 3941 non
145 3884 213 3946 ausi
234 3894 337 3948 erant
359 3903 425 3965 pro
455 3885 531 3947 eius
555 3886 670 3948 salute
685 3888 720 3967 ³).
752 3887 875 3967 Atque
899 3887 1108 3967 imperatrix
1130 3897 1234 3970 grato
1258 3887 1376 3950 animo
1392 3889 1598 3970 periculum,
1622 3891 1718 3971 quod
1742 3891 1777 3969 ii,

80 4034 192 4093 quorum
214 4022 361 4086 consilio
384 4025 561 4105 utebatur,
585 4025 620 4086 in
644 4024 803 4087 ordinem
826 4025 1070 4106 intendebant,
1102 4025 1282 4106 depellere
1314 4045 1384 4087 non
1413 4025 1559 4090 destitit.
1599 4025 1672 4089 Sed
1696 4047 1775 4090 curn

79 4152 141 4219 hacc
151 4181 271 4244 magna
283 4162 502 4245 imperatrix,
520 4163 620 4225 cuius
636 4164 805 4226 memoria
821 4184 1001 4244 nunquam
1015 4183 1061 4225 ex
1073 4163 1199 4227 animis
1215 4165 1428 4246 populorum
1445 4183 1587 4226 suorum
1604 4164 1775 4245 discedet,

84 4297 140 4367 ι180
156 4311 296 4363 mortem
321 4302 560 4384 occubuisset,
584 4311 820 4384 tempestates
844 4302 955 4365 libere
980 4312 1183 4384 eruperunt.

175 4438 279 4503 Filius
303 4441 390 4522 eius,
415 4460 550 4503 summo
573 4440 718 4523 ingenio
741 4441 927 4522 praeditus
950 4441 1145 4523 imperator
1164 4442 1339 4523 Iosephus
1355 4441 1411 4522 11,
1436 4440 1599 4522 quamvis
1623 4441 1656 4503 ei
1679 4443 1775 4503 salus

82 4570 259 4641 subditorum
284 4578 460 4642 maximae
485 4599 591 4642 curae
616 4589 721 4661 esset,
745 4591 864 4643 tamen
884 4581 976 4642 male
993 4580 1153 4643 eruditus
1169 4583 1215 4642 ab
1231 4579 1432 4642 hominibus
1455 4579 1567 4642 falsae
1591 4581 1774 4643 doctrinae

81 4703 188 4794 deditis,
208 4736 287 4778 curn
311 4717 428 4779 omnia
451 4737 498 4780 ex
521 4717 675 4781 utilitate
704 4728 890 4799 pensaret,
921 4719 1064 4782 ordines
1095 4719 1282 4801 religiosos
1313 4717 1399 4781 nihil
1430 4718 1526 4780 aliud
1559 4738 1639 4781 esse
1667 4739 1774 4800 quam

81 4853 336 4933 congregationes
353 4853 425 4935 otii,
438 4853 608 4935 desidiae,
623 4854 771 4918 inertiae
787 4855 855 4918 sibi
872 4856 1060 4938 persuasit.
1077 4856 1166 4918 Tam
1178 4876 1349 4937 perversa
1361 4856 1459 4919 vitae
1471 4856 1773 4938 contemplativae

82 5030 349 5055 ‘x—

174 5183 193 5261 Ἴ
213 5187 335 5255 Hurter,
360 5185 465 5244 Leben
489 5187 543 5244 des
568 5187 765 5245 Erzbischois
789 5188 944 5246 Aristaces
968 5189 1085 5245 Azaria.

174 5294 193 5374 ²)
213 5298 338 5367 Arneth,
362 5299 456 5355 Maria
480 5301 649 5357 Theresias
674 5301 763 5357 Ietztc
787 5301 1074 5376 Regierungsjahre,
1099 5301 1159 5357 vol.
1185 5301 1236 5357 Ill.

172 5407 192 5487 ³)
213 5411 453 5486 Verordnungen
480 5413 509 5466 in
532 5411 662 5487 publicis
686 5414 902 5470 ecclesiasticis
925 5413 962 5469 ad
987 5433 1095 5470 annum
1124 5411 1214 5487 1781,
1244 5411 1333 5486 1782.
