4088 6270
688 496 971 567 ..405-

139 684 255 741 Prostat
275 683 354 758 apud
371 683 490 740 Herder
506 682 645 759 Friburgi
662 687 691 741 in
708 685 788 740 Bris-

139 787 192 844 101.
218 790 247 843 111
272 785 314 845 8⁰.
343 785 525 855 lunsbruck,
555 788 645 862 1853.
673 788 787 866 Appar.

139 909 195 947 tes.

139 1028 251 1088 eodem
274 1046 382 1108 opere
398 1027 546 1089 seorsim
563 1027 787 1109 impressum:

139 1172 323 1229 omiletische
344 1172 515 1246 Erklarung
539 1171 613 1228 aller
637 1173 788 1248 cvangeli-

139 1275 247 1350 kopen.
265 1272 294 1353 (i.
308 1293 334 1331 e.
349 1276 498 1350 Exegesis
514 1277 643 1332 omnium
657 1294 788 1350 evange·

139 1399 172 1436 us
189 1382 267 1436 anni.
294 1380 389 1437 avol.

139 1485 297 1541 assionale.
320 1499 331 1540 1
352 1485 412 1540 vol.

139 1588 426 1664 Exempel-Lexicon
439 1588 486 1645 fiir
498 1587 643 1663 Prediger
655 1587 714 1643 und
726 1589 787 1644 Ka-

139 1695 153 1748 i.
173 1711 200 1748 e.
217 1693 354 1749 Lexicon
371 1693 576 1769 exemplorum
594 1712 649 1768 pro
666 1695 788 1749 concio·

141 1795 348 1875 tcatechetis.)
358 1796 684 1871 Innsbruck,Wagncr.
697 1795 787 1868 1871.

139 1918 190 1956 ere
206 1919 302 1976 usque
318 1900 356 1957 ad
373 1915 499 1957 mortem
516 1902 650 1958 auctoris
666 1900 788 1976 prodie-

139 2004 299 2060 volumina.
335 2005 462 2061 Restant
492 2004 608 2061 edenda
639 2004 698 2060 duo
729 2004 788 2060 alia

148 2126 228 2183 quae
256 2107 498 2184 compilabuntur
524 2127 542 2164 a
571 2107 787 2184 capitularibus

139 2230 196 2269 tus.

139 2375 257 2449 erlich
273 2387 514 2468 Leopoldus
532 2387 786 2471 (Scotensis),

144 2504 307 2567 Viennae
324 2505 359 2567 in
376 2506 547 2569 suburbio
561 2526 688 2589 campo
701 2505 787 2571 Sco·

139 2646 146 2688 e
161 2647 190 2704 9.
200 2625 289 2690 Nov.
304 2648 395 2706 1794.
413 2625 448 2691 S.
463 2628 586 2691 habitu
599 2649 679 2691 cum
690 2639 788 2691 esset

139 2748 170 2810 ie
188 2753 235 2811 18.
250 2747 349 2830 Sept.
369 2756 459 2832 1814,
472 2762 557 2813 vota
570 2750 788 2813 sollemniter

139 2867 214 2932 Oct.
234 2876 323 2950 1817.
348 2872 435 2935 Erat
451 2893 493 2936 eo
510 2884 670 2954 ternpore
686 2883 787 2937 tanta

139 3011 181 3053 tm
198 2992 233 3054 in
246 2994 462 3057 monasterio
475 2995 515 3058 B.
529 2995 576 3059 M.
586 2995 629 3057 V.
645 2997 691 3058 ad
701 2993 787 3059 Sco·

139 3113 183 3196 ia,
197 3126 236 3177 ut
248 3116 358 3178 cultui
370 3116 491 3179 divino
505 3130 675 3181 consueto
689 3138 786 3181 more

139 3255 199 3298 ton
210 3235 424 3300 sufficerent.
442 3236 560 3318 Quare
572 3239 678 3301 tertio
687 3240 785 3302 theo·

139 3377 182 3420 no
199 3359 364 3422 absoluto
386 3380 466 3422 eum
482 3362 596 3423 abbas
617 3361 687 3423 sibi
706 3381 785 3442 pre-

164 3479 318 3542 ordinati
346 3481 451 3561 petiit
478 3493 515 3544 et
544 3483 696 3546 obtinuit
727 3484 785 3546 die

144 3604 216 3662 818.
234 3600 361 3663 Finitis
377 3602 504 3665 studiis
522 3608 602 3666 1820
617 3604 652 3666 in
666 3625 785 3667 curam

139 3743 149 3784 1
167 3722 322 3809 directus
339 3735 394 3785 est
410 3725 559 3806 primum
574 3736 786 3807 cooperator

139 3867 166 3927 1,
192 3846 319 3908 deinde
350 3847 384 3909 in
409 3848 578 3915 suburbio
604 3846 784 3929 Gumpen·

139 3969 303 4046 ,demum
324 3972 401 4048 1827
425 3969 460 4031 in
480 3970 649 4051 parochia
666 3990 784 4033 mona-

139 4089 176 4151 tti
185 4101 221 4151 et
230 4091 489 4153 concionatoris
498 4112 643 4154 munere
653 4112 784 4175 magna

139 4230 163 4273 e
184 4223 239 4273 est
259 4211 410 4275 functus
436 4211 578 4277 Sodalis
601 4215 784 4277 societatis

141 4353 204 4396 cae
213 4333 375 4396 Viennae
393 4339 472 4413 1834
486 4334 611 4416 factus,
628 4356 721 4398 anno
734 4336 783 4398 in-

160 4456 365 4537 parochiam
397 4457 433 4518 in
463 4457 788 4540 Kleinengersdorf

139 4578 251 4640 nomia
261 4578 507 4641 administrare
517 4580 645 4662 coepit.
658 4581 784 4642 Mense

153 4699 190 4762 in
211 4701 462 4762 monasterium
486 4703 609 4783 redux,
634 4701 784 4764 novitio·

139 4833 217 4884 „ster
234 4831 270 4883 et
286 4833 402 4884 rector
415 4824 620 4885 clericorum
634 4844 699 4905 per
711 4835 784 4887 tres

955 679 1038 762 Ipse
1051 700 1121 743 non
1138 682 1261 763 solum,
1279 693 1317 744 ut
1329 700 1437 763 supra
1448 681 1542 764 (vide
1551 680 1698 744 Adrian.

870 801 1033 885 Gretscb)
1048 814 1359 867 commemoratum
1373 814 1438 886 est,
1452 803 1641 868 conciones
1653 805 1699 866 ab

868 925 928 987 illo
945 925 1174 987 celeberrimo
1191 926 1292 988 verbi
1308 925 1419 988 divini
1440 944 1617 1008 praecone
1638 925 1699 987 ba-

868 1045 963 1109 bitas
983 1065 1120 1109 summa
1144 1068 1223 1110 curn
1247 1047 1433 1131 diligentia
1456 1047 1699 1130 industriaque

869 1168 1014 1251 collegit
1035 1178 1142 1251 atque
1162 1170 1260 1252 typis
1281 1171 1440 1232 edendas
1462 1171 1609 1251 curavit,
1634 1171 1699 1231 sed

869 1290 975 1353 etiam
1006 1292 1126 1372 plures
1154 1312 1174 1353 a
1201 1311 1241 1355 se
1268 1291 1419 1354 diversis
1451 1290 1698 1354 occasionibus

868 1413 1009 1476 habitas
1030 1413 1210 1477 orationes
1231 1413 1491 1495 concionesque
1514 1412 1612 1495 typis
1639 1414 1699 1474 de·

869 1536 1061 1599 mandavit.
1078 1536 1272 1598 Praeterea
1287 1536 1415 1598 librum
1429 1554 1574 1617 precum
1587 1533 1699 1596 edidit

868 1658 935 1719 sub
952 1657 1073 1721 titulo:

955 1819 978 1875 l.
1003 1820 1158 1875 Frommer
1181 1819 1289 1876 Gruss.
1314 1819 1372 1875 Ein
1393 1818 1507 1875 Gebet·
1528 1817 1587 1874 und
1604 1817 1699 1874 Wall·

867 1921 1043 1980 sahrtsbuch
1068 1922 1113 1979 fiir
1136 1922 1315 1997 andachtige
1339 1923 1479 1980 Christen
1510 1921 1568 1977 und
1597 1920 1699 1976 wahre

867 2027 1019 2084 Verehrer
1030 2028 1171 2083 Matiens.
1190 2042 1201 2082 1
1219 2027 1279 2083 vol.
1292 2027 1436 2093 Viennae,
1454 2028 1533 2102 typis
1547 2039 1576 2082 et
1589 2040 1698 2100 sumpt.

867 2131 1017 2208 Leopoldi
1029 2131 1143 2188 Grund.
1162 2131 1235 2188 Cum
1254 2133 1382 2205 imagine
1395 2131 1520 2205 virginis
1536 2130 1697 2205 Deiparae.

953 2255 991 2310 Il.
1008 2254 1179 2311 Conciones
1192 2254 1271 2329 typis
1284 2252 1396 2309 editae:
1413 2252 1476 2327 Bey
1489 2251 1697 2326 Gelegenheit,

866 2358 911 2414 als
935 2357 989 2415 der
1010 2361 1040 2414 in
1064 2357 1118 2414 der
1138 2357 1242 2414 Plarre
1258 2355 1303 2413 St.
1321 2358 1458 2413 Laurenz
1482 2357 1519 2411 im
1537 2353 1698 2413 Schotten·

868 2463 946 2520 felde
962 2461 1115 2538 gebildete
1136 2475 1216 2519 erste
1238 2463 1420 2536 organisirte
1436 2459 1698 2517 Kirchen-Musik·

867 2569 970 2624 verein
987 2567 1092 2624 Wieus
1109 2584 1156 2623 am
1172 2568 1196 2621 F
1198 2580 1263 2623 este
1280 2566 1334 2622 der
1349 2565 1418 2622 beil.
1436 2565 1549 2622 Cicilia
1565 2563 1619 2620 das
1635 2576 1697 2619 sta·

868 2673 1082 2746 tutenmassige
1107 2669 1256 2727 Danklest
1280 2670 1403 2746 beging.
1432 2670 1576 2736 Viennae,
1606 2666 1696 2741 1829,

868 2789 930 2851 typ.
947 2776 1059 2850 Congr.
1077 2775 1218 2831 Mechith.
1241 2808 1284 2815 -
1306 2774 1362 2830 Am
1379 2774 1470 2830 Feste
1492 2773 1546 2829 der
1567 2772 1697 2846 heiligen

867 2877 1033 2937 Elisabeth.
1050 2879 1195 2945 Viennae,
1218 2878 1308 2950 1831,
1331 2880 1410 2954 typis
1432 2895 1537 2951 congr.
1554 2875 1695 2932 Mechith.

866 3017 910 3026 —
934 2983 1035 3041 Ueber
1061 2984 1119 3040 den
1147 2983 1246 3040 hohen
1269 2983 1377 3039 Werth
1404 2980 1458 3038 der
1485 2980 1696 3038 Kleinkinder-

866 3087 1000 3144 schulen.
1025 3089 1168 3155 Viennae,
1198 3084 1288 3159 1831,
1314 3100 1376 3162 typ.
1403 3100 1433 3142 et
1457 3099 1566 3162 sumpt.
1591 3102 1696 3158 congr.

865 3192 1007 3250 Mechith.
1031 3224 1073 3234 -
1099 3193 1161 3266 Bey
1178 3191 1393 3265 Gelegenheit,
1417 3190 1462 3246 als
1483 3190 1530 3246 die
1551 3189 1697 3247 Cholera·

866 3296 1026 3353 krankheit
1037 3296 1103 3353 dem
1113 3295 1295 3352 Vaterlande
1308 3294 1424 3351 drohte.
1442 3294 1586 3358 Viennae,
1605 3290 1696 3365 1831,

866 3415 928 3477 typ.
947 3419 1051 3475 congr.
1069 3400 1210 3457 Mechith.
1236 3432 1274 3441 -
1302 3397 1403 3456 Ueber
1428 3399 1476 3455 die
1500 3405 1697 3474 ungesbumtc

865 3505 1110 3580 Krankenpssege
1141 3502 1188 3559 bei
1225 3503 1278 3560 der
1308 3503 1535 3560 verheerenden
1566 3501 1695 3559 Seuchc.

864 3609 1008 3673 Viennae,
1025 3607 1116 3680 1831,
1134 3622 1196 3684 typ.
1214 3621 1244 3664 et
1256 3621 1364 3684 sumpt.
1380 3626 1485 3682 congr.
1499 3606 1640 3663 Mechith.
1653 3638 1695 3646 —
1732 3684 1734 3691 Ι

864 3715 1078 3788 Vorgetragen
1090 3732 1125 3768 zu
1135 3713 1285 3769 Mariazell
1302 3715 1330 3767 in
1342 3710 1537 3768 Steiermark.
1551 3712 1694 3777 Viennae,

869 3816 960 3890 1832,
977 3832 1039 3893 typ.
1053 3836 1158 3891 congr.
1172 3816 1313 3873 Mechith.
1330 3848 1372 3856 —
1389 3815 1444 3872 Am
1458 3816 1481 3871 F
1483 3828 1548 3871 este
1561 3813 1614 3870 der
1626 3813 1694 3869 heil.

864 3922 981 3980 Ursula.
1012 3923 1159 3986 Viennae,
1188 3921 1278 3992 1832,
1310 3933 1372 3995 typ.
1400 3932 1430 3975 et
1453 3930 1562 3993 sumpt.
1584 3932 1693 3991 congr.

864 4026 1004 4083 Mechith.
1030 4058 1069 4067 —
1096 4025 1151 4081 Am
1169 4021 1478 4081 Restaurationsseste
1501 4021 1554 4078 des
1570 4020 1696 4077 Wiener

863 4130 1107 4206 Burgerspitales
1134 4148 1176 4184 zu·
1194 4127 1238 4185 St.
1263 4127 1397 4184 Markus.
1425 4128 1574 4193 Viennae,
1604 4124 1694 4197 1834,

865 4249 927 4311 typ.
949 4249 978 4292 et
999 4247 1108 4309 sumpt.
1126 4234 1224 4308 Leop.
1242 4231 1356 4288 Grund.
1380 4230 1503 4287 —Am
1527 4231 1618 4287 Feste
1641 4229 1694 4285 des

864 4341 933 4396 heil.
951 4341 1076 4415 Rupert.
1101 4340 1244 4403 Viennae,
1267 4335 1356 4408 1834,
1379 4350 1441 4412 typ.
1463 4336 1560 4411 Leop.
1578 4332 1694 4390 Grund.

863 4478 906 4486 —
922 4446 981 4500 Zur
998 4442 1223 4501 Secundizleier
1238 4439 1335 4519 (conc.
1349 4437 1508 4516 secundit.)
1525 4440 1579 4495 des
1590 4440 1622 4494 P.
1633 4439 1694 4494 Ro·

863 4567 931 4604 man
948 4548 1064 4605 Mittich
1081 4566 1109 4603 ο.
1127 4566 1151 4603 s.
1169 4547 1201 4602 B.
1225 4546 1368 4611 Viennae,
1395 4543 1485 4616 1834,
1511 4557 1572 4618 typ.
1595 4543 1693 4616 Leop.

864 4652 980 4709 Grund.

951 4816 1135 4890 Scheuer
1155 4827 1348 4888 Leander
1373 4826 1693 4906 (Altenburgen-

139 4943 307 5026 nfuisset,
325 4965 444 5007 rursus
457 4946 651 5009 animarum
665 4966 784 5009 curam
822 4970 825 5024 7
864 4946 944 5027 sis),
961 4945 1198 5008 Vindobonae
1221 4946 1256 5007 in
1280 4945 1428 5008 Austria
1453 4944 1511 5007 die
1535 4950 1564 5008 3.
1587 4943 1692 5006 Mart.

140 5067 294 5147 amplam
323 5068 564 5130 oeconomiam
592 5079 718 5131 nactus
748 5069 783 5132 in

139 5189 208 5270 ors,
227 5189 261 5251 in
278 5211 414 5252 summa
427 5201 462 5252 et
475 5191 642 5253 continua
655 5191 782 5254 sollici·

139 5323 210 5374 tam
235 5312 424 5394 transegit,
450 5315 562 5376 donec
587 5333 680 5376 mors
704 5334 784 5377 eum

139 5436 176 5498 ,ie
194 5438 222 5497 5.
240 5433 339 5515 Sept.
362 5440 451 5498 1852.

870 5072 950 5146 1750
966 5077 1080 5148 natus,
1102 5087 1128 5129 s.
1146 5067 1270 5130 habitu
1292 5067 1348 5128 die
1371 5072 1421 5129 28.
1439 5065 1518 5130 Oct.
1540 5072 1620 5146 1769
1642 5066 1692 5129 in-

864 5192 980 5271 dutus,
998 5191 1123 5252 eodem
1140 5190 1199 5251 die
1214 5190 1296 5251 anni
1314 5209 1394 5268 1770
1412 5191 1595 5252 sollemnia
1607 5202 1692 5253 vota

865 5312 990 5392 emisit,
1016 5323 1052 5373 et
1072 5312 1272 5374 sacerdotio
1296 5311 1541 5395 inauguratus,
1567 5312 1623 5375 die
1645 5334 1691 5377 12.

864 5435 952 5515 Apr.
970 5440 1048 5514 1773
1066 5435 1217 5515 primurn
1234 5434 1362 5497 missae
1378 5434 1588 5498 sacrificium
1602 5437 1691 5498 cele·
