4088 6270
594 1605 666 1687 DE
705 1605 1071 1687 LITTERARUM
1107 1603 1361 1687 STUDllS.

817 1898 821 1907 '
901 1907 1006 1971 CAP.
1031 1907 1057 1971 Ι.

253 2099 307 2219 ld,
339 2138 436 2220 quod
467 2138 700 2200 mandaverat
732 2137 915 2218 discipulis
947 2137 1020 2199 suis
1051 2136 1183 2198 ordinis
1214 2156 1241 2198 s.
1270 2146 1409 2218 auctor,
1441 2148 1480 2199 ut
1511 2136 1617 2199 certis
1649 2136 1719 2199 diei
1750 2137 1847 2200 horis

161 2289 261 2351 operam
286 2278 412 2339 darent
439 2277 602 2359 legendis
634 2286 670 2339 et
700 2275 959 2359 cognoscendis
990 2296 1017 2338 s.
1042 2274 1245 2356 scripturis,
1276 2275 1478 2337 necessario
1510 2274 1645 2356 effecit,
1677 2285 1716 2338 ut
1749 2276 1847 2339 insti-

161 2420 297 2477 tuerentur
319 2415 559 2478 bibliothecae
583 2391 620 2478 et
643 2415 843 2477 colerentur
865 2423 961 2477 artes
985 2424 1022 2477 et
1044 2413 1194 2476 litterae.

248 2553 436 2618 Clarissimi
474 2554 637 2637 magistri
673 2555 894 2616 voluntatem
932 2553 1120 2635 diligenter
1157 2553 1271 2615 secuti
1309 2552 1492 2634 discipuli,
1533 2552 1592 2633 qui
1630 2553 1772 2616 fuerunt
1810 2553 1846 2615 in

160 2684 265 2768 inperio
286 2693 737 2776 Austriaco·Hungarico,
765 2691 836 2754 iam
867 2694 912 2753 ab
943 2691 1197 2773 antiquissimis
1227 2691 1447 2772 temporibus
1479 2711 1591 2772 usque
1621 2693 1667 2754 ad
1690 2702 1848 2755 nostram

158 2831 316 2893 memoriam
340 2831 468 2893 studiis
491 2831 688 2894 litterarum
706 2841 742 2894 et
757 2831 894 2893 artibus
910 2831 1063 2893 maxime
1080 2831 1208 2894 intenti
1232 2839 1342 2893 erant.
1373 2831 1465 2893 Nam
1488 2831 1585 2893 utin
1610 2832 1705 2914 agris
1730 2833 1847 2894 colen-

158 2961 192 3024 dis
207 2968 245 3031 ita
273 2971 307 3033 in
339 2970 538 3033 excolendo
570 2970 713 3053 ingenio
744 2969 1024 3032 vetustissimum
1055 2969 1308 3032 monasterium
1340 2970 1385 3031 ad
1420 2988 1447 3032 S.
1471 2970 1617 3033 Petrum
1648 2968 1847 3051 Salisburgi

157 3103 265 3178 primurn
286 3109 457 3171 vexillum
480 3109 617 3191 artium,
642 3117 682 3171 ut
704 3108 862 3190 dicimus,
887 3108 1079 3172 constituit.
1125 3108 1203 3189 Quo
1226 3108 1262 3170 in
1286 3108 1501 3172 monasterio
1526 3107 1674 3170 Carolus
1697 3108 1848 3191 magnus

157 3236 306 3322 imperator
329 3257 369 3309 ut
391 3249 427 3310 in
451 3248 580 3310 ceteris
596 3248 788 3329 opulentae
804 3247 1025 3311 Franconiae
1048 3248 1272 3311 monasteriis
1295 3249 1451 3311 studium
1474 3248 1669 3311 litterarum
1694 3248 1847 3311 maxime

156 3381 230 3446 auxit.
270 3385 440 3447 Praebuit
471 3386 563 3448 enim
590 3386 686 3448 socio
718 3385 878 3449 eruditae
911 3385 1110 3448 sodalitatis
1141 3406 1242 3467 suae,
1266 3386 1404 3450 Arnoni
1434 3387 1556 3450 abbati
1587 3387 1779 3451 Elnonensi
1812 3388 1847 3450 in

156 3512 325 3606 Brabantia,
354 3526 414 3606 qui
438 3535 515 3588 erat
538 3524 723 3587 clarissimi
745 3524 906 3608 magistri
936 3525 1079 3588 Alcuini
1110 3525 1304 3606 discipulus
1335 3534 1371 3617 et
1399 3525 1547 3608 amicuS,
1578 3530 1638 3605 785
1667 3527 1849 3593 abbatiam

157 3657 184 3716 ad
201 3679 220 3722 s.
240 3663 381 3726 Petrum
404 3685 475 3726 una
498 3684 576 3726 cum
601 3684 763 3727 connexo
787 3665 997 3746 episcopatu
1018 3662 1294 3747 Salisburgensi,
1318 3664 1389 3746 qui,
1413 3673 1451 3726 ut
1475 3665 1630 3728 studium
1652 3665 1849 3728 litterarum

157 3788 314 3883 Salisburgi
341 3803 411 3864 iam
444 3805 491 3865 ab
521 3812 748 3866 antecessore
775 3803 927 3885 Virgilio
943 3804 964 3885 ¹)
997 3805 1133 3865 abbate
1157 3812 1192 3866 et
1224 3803 1395 3884 episcopo
1424 3803 1604 3883 inceptum
1632 3803 1781 3865 celerius
1813 3813 1849 3865 et

157 3930 318 4016 diligentius
356 3941 547 4022 coleretur,
586 3941 775 4022 plurimum
813 3941 971 4004 contulit.
1017 3941 1152 4003 Eodem
1186 3941 1332 4003 Arnone
1371 3950 1515 4003 auctore
1554 3940 1769 4004 monasterio
1804 3941 1849 4002 ad

158 4084 175 4128 s.
185 4069 303 4140 Petrum
319 4077 520 4160 Salisburgi
544 4100 623 4141 cum
647 4081 767 4142 schola
790 4080 889 4162 regia
913 4079 1030 4142 Caroli
1050 4079 1175 4162 Magni
1196 4099 1314 4172 rerum
1337 4080 1384 4141 ad
1400 4087 1627 4141 monumenta
1651 4088 1686 4141 et
1709 4079 1847 4142 litteras

160 4217 351 4284 spectantium
383 4217 585 4280 intercessit
617 4218 864 4281 commercium
899 4229 1007 4300 atque
1039 4219 1115 4281 eius
1146 4219 1289 4281 scholae
1319 4218 1459 4281 litterae
1492 4228 1532 4282 ut
1562 4218 1851 4301 Evangeliarium

161 4339 321 4419 Cutberchti
336 4358 358 4439 ²)
395 4357 439 4419 de
472 4367 580 4440 gente
612 4356 983 4440 Angelo·Saxonum‚
1020 4359 1179 4420 Annales
1214 4357 1419 4420 monasterii
1452 4355 1768 4437 Lindisfarnensis,
1804 4357 1850 4416 ab

163 4479 271 4555 llcuino
303 4497 349 4558 ad
385 4497 503 4558 aulam
538 4496 673 4578 regiam
704 4496 960 4559 Franconicam
991 4497 1137 4579 perlati,
1169 4495 1417 4577 Salisburgum
1452 4506 1533 4557 sunt
1567 4495 1696 4558 missae
1731 4495 1852 4576 ibique

163 4612 230 4688 initia
253 4644 347 4696 erant
379 4635 710 4698 commentariorum
726 4638 769 4717 ³),
801 4656 890 4718 quos
921 4636 1034 4698 seduli
1065 4636 1228 4698 monachi
1259 4636 1294 4697 in
1325 4634 1539 4696 monasterio
1570 4631 1618 4696 ad
1649 4655 1676 4695 s.
1706 4634 1852 4696 Petrum

164 4752 283 4833 virentes
304 4773 533 4854 scripserunt.
574 4771 773 4856 Salisburgi
796 4794 861 4856 per
883 4774 1079 4855 Wizonem,
1103 4773 1246 4837 Alcuini
1269 4773 1489 4854 discipulum,
1514 4772 1614 4834 Arno
1638 4773 1853 4856 singularem

165 4893 278 4971 stholam
299 4911 386 4973 artis
409 4912 589 4974 scribendi
613 4932 721 4974 causa
745 4912 943 4992 constituit,
969 4932 1060 4994 quae
1083 4913 1164 4993 plus
1188 4932 1293 4994 quam
1318 4911 1375 4974 CL
1398 4911 1594 4992 volumina,
1620 4931 1711 4993 quae
1736 4910 1854 4972 omnia

169 5078 428 5114 χ...-

257 5225 274 5302 ¹)
296 5227 327 5284 S.
344 5228 491 5301 Virgilius
518 5228 745 5298 „Glossarium“
772 5231 932 5304 scripsisse
956 5241 1085 5303 putatur.
1118 5229 1185 5295 l'cz,
1210 5228 1358 5283 Thesaur.
1383 5227 1521 5283 anecdot.
1546 5228 1569 5283 l.

256 5335 1111 5415 lanGfflffiMmdedwmffirffiffimmstn

256 5448 276 5526 3)

298 5453 495 5509 Nominantur
518 5452 556 5509 ab
581 5453 718 5511 omnibus
746 5454 868 5509 annales
896 5455 1078 5509 lucanenses
1107 5453 1246 5508 maiores.
1279 5450 1324 5509 Cl.
1349 5453 1451 5520 Pertz,
1483 5452 1614 5508 Monum.
1640 5450 1742 5507 Germ.
1767 5469 1808 5506 ss.
1833 5450 1857 5504 1.
