4034 6262
760 500 1046 573 -345-

124 689 167 752 ul.
185 692 274 769 1763,
290 687 425 770 ingenti
447 697 564 750 terrae
581 698 679 751 motu
694 707 764 750 una
782 708 861 751 cum
944 685 1190 770 „Monasticon
1206 686 1451 750 Moraviense“
1474 705 1537 749 seu
1556 685 1772 770 „Historiam

124 812 192 874 :ulo
208 821 242 873 et
254 811 467 873 bibliotheca
479 810 515 872 in
528 810 770 874 fundamentis
780 831 861 874 con·
942 809 1097 871 omnium
1119 810 1412 872 monasteriorum
1430 809 1614 871 Moraviae
1637 830 1658 871 a
1678 827 1772 871 saec.

124 954 136 996 ι
154 933 305 996 ecclesia
319 953 470 1015 magnas
482 933 617 1016 egisset
630 933 747 1016 rimas,
761 954 861 1015 quas,
942 930 1136 993 XI-XIV
1152 951 1265 1013 usque
1277 930 1524 994 fundatorum“
1542 951 1676 994 summo
1693 953 1773 994 cum

124 1066 286 1138 epararet,
309 1074 404 1118 mors
428 1064 655 1136 praematura
677 1056 861 1137 praeposi·
941 1053 1064 1115 labore
1081 1053 1212 1135 condit,
1234 1053 1520 1136 doctissimisque
1536 1056 1773 1118 adnotationi-

158 1178 248 1240 alias
283 1179 328 1240 de
359 1179 575 1240 monasterio
611 1188 732 1241 nostro
769 1179 861 1240 bene
941 1176 1009 1237 bus
1030 1175 1193 1240 illustrat.
1218 1177 1277 1239 Ad
1299 1176 1584 1258 diplomatarium
1601 1178 1771 1240 Boemiae

124 1320 203 1381 :um,
221 1300 412 1381 prohibuit.
444 1298 594 1364 Sublimi
614 1299 789 1383 dignitate
810 1300 861 1362 in·
943 1317 1084 1361 manum
1100 1310 1228 1379 postea
1241 1300 1423 1372 admovet;
1440 1310 1496 1362 ast
1513 1300 1595 1362 dum
1611 1302 1771 1380 pretioso

124 1433 198 1505 tus,
224 1423 386 1504 quamvis
409 1423 602 1485 innumeris
625 1432 698 1485 tam
719 1424 861 1504 provin·
941 1419 1023 1483 huic
1040 1421 1140 1502 operi
1155 1420 1261 1484 finem
1277 1432 1390 1504 parat,
1413 1441 1496 1484 ecce
1516 1423 1629 1485 labori
1651 1422 1773 1485 immo-

124 1564 189 1626 >us,
207 1565 313 1627 quarn
329 1544 534 1607 domesticis
547 1545 701 1627 negotiis
714 1544 862 1625 impedi·
942 1543 1039 1606 ritur.
1063 1544 1092 1605 F
1095 1544 1171 1606 ebri
1187 1545 1280 1607 enim
1297 1555 1480 1628 quartana,
1498 1566 1520 1608 a
1533 1568 1603 1629 qua
1619 1567 1658 1610 se
1674 1547 1774 1609 bien-

124 1688 150 1730 ‚c
171 1667 373 1750 implicatus
390 1680 496 1750 esset,
514 1668 778 1749 Bonaventura‚
800 1667 862 1730 vix
942 1665 1000 1728 nio
1012 1666 1164 1729 liberare
1178 1686 1247 1729 non
1260 1667 1384 1749 potuit,
1396 1670 1573 1751 laborans,
1583 1669 1677 1732 vires
1687 1691 1774 1753 pau-

124 1810 205 1871 eres,
223 1791 376 1853 animum
394 1811 415 1852 a
432 1790 558 1853 studiis
571 1811 750 1872 nunquam
766 1810 861 1853 amo·
941 1787 1040 1850 latim
1071 1789 1279 1851 decrescere
1310 1789 1578 1866 animadvertit;
1616 1793 1775 1855 remedia

124 1913 209 1975 )um
226 1912 329 1995 enim,
350 1912 401 1975 rei
420 1913 669 1994 diplomaticae
690 1912 862 1994 peritissi-
942 1909 1221 1991 exquisitissima
1232 1921 1425 1994 tentantur,
1436 1913 1654 1996 ingravescit
1666 1915 1774 1980 febri·

124 2043 160 2097 et
176 2033 212 2097 in
228 2036 295 2097 hac
313 2033 463 2097 scientia
479 2034 564 2096 nulli
577 2034 631 2097 sui
644 2034 723 2096 aevi
737 2053 861 2096 secun·
941 2032 984 2094 lis
1003 2043 1135 2114 aestus
1156 2035 1410 2098 recrudescunt
1427 2037 1567 2099 dolores
1584 2048 1621 2100 et
1638 2039 1772 2103 diutius

128 2157 241 2220 totius
266 2156 556 2239 congregationis
580 2155 762 2218 secretarii
787 2175 861 2218 mu·
941 2154 984 2216 iis
1004 2155 1216 2237 gravissime
1237 2156 1461 2222 conflictatus
1485 2162 1672 2224 succubuit
1695 2173 1774 2225 tan-

124 2277 353 2362 fungebatur,
363 2298 433 2340 non
446 2287 582 2341 tantum
593 2277 861 2340 suimonasterii
942 2277 1022 2338 dem
1050 2276 1303 2341 Bonaventura
1334 2282 1566 2344 sacramentis
1597 2284 1771 2347 ecclesiae
1849 2362 1854 2372 Ι

124 2401 219 2464 etiam
240 2402 389 2464 aliorum
410 2401 570 2463 ordinum
596 2400 631 2463 in
652 2401 800 2463 Boemia
825 2409 861 2462 et
941 2399 1108 2481 munitus,
1129 2399 1249 2462 XVII.
1266 2402 1350 2466 Kal.
1367 2402 1458 2466 Iunii
1480 2406 1543 2485 (15.
1560 2404 1657 2488 Maii)
1679 2427 1772 2470 anno

124 2523 191 2586 ‚via
218 2524 454 2587 bibliothecas
486 2534 522 2586 et
553 2523 697 2586 archiva
724 2523 861 2605 lynceis
942 2540 968 2582 s.
995 2526 1085 2603 1764,
1109 2522 1239 2585 aetatis
1262 2543 1348 2586 suae
1371 2528 1421 2607 56,
1448 2536 1484 2588 et
1506 2527 1541 2588 in
1565 2538 1691 2610 crypta
1715 2550 1772 2592 ec-

124 2656 313 2710 [straverat
330 2647 451 2728 oculis,
469 2657 504 2709 et
521 2667 566 2709 ex
583 2646 625 2708 iis
642 2646 793 2727 plurima
805 2645 861 2708 lit·
901 2668 903 2693 ι
941 2643 1072 2706 clesiae
1099 2645 1359 2708 monasterialis
1390 2667 1454 2728 per
1481 2649 1572 2712 dom.
1601 2653 1769 2715 abbatem

123 2767 159 2830 ia
175 2768 267 2831 eruit
284 2778 512 2830 monumenta
527 2769 701 2830 hactenus
717 2767 860 2848 inedita,
942 2767 1261 2831 Zabrdovicensem
1281 2771 1462 2851 sepelitur.
1486 2773 1527 2835 In
1549 2773 1606 2836 die
1627 2776 1769 2856 deposi-

126 2910 245 2953 emere
256 2900 292 2952 et
302 2900 408 2971 prout
420 2910 498 2953 sors
512 2889 686 2952 offerebat
699 2890 860 2970 collecta,
901 2888 903 2931 ⁵
941 2890 1046 2953 tionis
1077 2894 1253 2973 parochus
1280 2893 1703 2976 Magno-Niemcicensis
1734 2909 1771 2962 et

124 3022 244 3076 laturo
258 3013 421 3075 examine
435 3014 578 3077 selecta.
594 3013 689 3075 Dum
698 3013 861 3075 Viennae
940 3012 1179 3076 vicedecanus
1204 3015 1377 3098 Iosephus
1401 3017 1535 3081 Petsch
1563 3021 1770 3085 concionem

124 3136 171 3198 tis
187 3146 310 3217 partes
323 3138 483 3218 gerebat,
496 3136 651 3198 virorum
665 3137 860 3216 doctorum,
942 3135 1033 3198 dixit
1070 3138 1136 3198 sub
1168 3137 1288 3200 titulo:
1325 3139 1505 3221 „Holkost
1540 3142 1770 3225 nejholcejsl“

124 3258 221 3342 :ipue
239 3259 411 3321 illustriss
429 3260 521 3323 dom.
538 3259 686 3322 Antonii
699 3260 860 3322 Thaulov
900 3282 903 3345 7
942 3257 1131 3338 (acerbitas
1148 3260 1389 3343 acerbissima)
1412 3262 1503 3326 inter
1523 3263 1589 3327 Ms.
1606 3265 1691 3328 bibl.
1709 3286 1772 3329 no·

124 3381 314 3462 „osenthal,
343 3380 499 3463 supremi
523 3401 552 3444 c.
576 3401 602 3442 r.
629 3381 763 3443 archivi
787 3391 811 3444 t.
836 3391 859 3443 t.
899 3352 902 3457 i
941 3388 1036 3441 strae
1061 3380 1253 3462 (Msn.555.
1279 3381 1606 3466 Sign.FsK.11.a
1631 3389 1682 3468 23)
1709 3391 1771 3450 ad·
1856 3447 1859 3454 ,

124 3502 205 3566 t'ecti
232 3504 350 3586 gratia
373 3514 409 3566 et
434 3503 647 3566 auctoritate
671 3503 783 3566 fretus
809 3503 860 3566 in·
939 3512 1128 3566 servatam.

124 3646 204 3708 que,
218 3646 283 3707 per
295 3628 445 3688 eundem
458 3627 504 3688 ad
517 3628 633 3689 aulam
644 3625 859 3689 transmissis
1026 3659 1195 3743 Sequitur
1212 3663 1375 3744 omnium,
1397 3665 1472 3728 sive
1494 3665 1563 3727 iam
1584 3668 1768 3751 editorum,

123 3768 154 3810 ¹⁵
168 3750 477 3829 ⁶⁰mmend³t¹t¹¹st
492 3769 520 3810 ⁰·
530 3770 555 3811 r·
566 3749 736 3811 B⁰em¹ae
749 3751 859 3812 ΜΟ·
939 3783 1025 3863 sive,
1036 3783 1101 3845 nisi
1112 3803 1205 3847 mors
1216 3785 1651 3869 consiliisintercessisset,
1662 3791 1770 3853 eden·

123 3871 209 3953 aPhi
230 3870 333 3932 titum
349 3873 555 3953 de⁰⁰s³tu⁵>
579 3871 714 3935 aditum
739 3873 785 3934 ad
807 3872 858 3934 bi·
897 3944 900 3963 r
939 3905 1062 3967 dorum
1079 3926 1151 3968 rev.
1167 3908 1257 3969 dom.
1276 3907 1549 3972 Bonaventurae
1569 3910 1769 3994 Piterope·

123 4012 240 4055 recam
256 4013 350 4057 caes.
367 3992 473 4056 facile
490 3994 557 4055 sibi
573 3993 762 4076 patefecit,
786 4013 858 4057 om-
938 4047 1014 4091 rum
1031 4031 1231 4112 catalogus:

124 4134 175 4177 are
198 4114 292 4176 illius
309 4115 375 4179 Ms.
397 4116 637 4198 perlustravit,
662 4136 708 4178 ex
732 4116 783 4179 eis
807 4117 858 4177 in·

124 4258 187 4318 ‚127
208 4237 421 4319 antiquitate
438 4240 657 4320 veneranda,
682 4239 728 4300 ad
749 4239 858 4302 histo,
967 4202 1002 4284 a)
1019 4203 1125 4265 Prelo
1142 4204 1313 4285 subiecta,
1331 4205 1365 4268 in
1382 4207 1496 4269 lucem
1514 4208 1736 4288 prodierunt:

151 4359 322 4421 Boemiae
361 4370 396 4422 et
433 4360 618 4422 Moraviae
657 4361 858 4442 spectantia
1025 4365 1047 4420 l.
1065 4365 1139 4421 Hlas
1156 4384 1193 4421 na
1210 4369 1336 4441 vysosti.
1353 4368 1628 4425 NaiikaniaPlade
1641 4370 1766 4428 Rachel.

124 4481 219 4563 3psit,
243 4501 285 4543 ac
310 4482 461 4563 priorem
479 4482 549 4544 iam
565 4483 770 4564 opulentam
787 4483 857 4546 001,
896 4468 899 4617 Ι
938 4465 966 4546 (i.
981 4487 1007 4525 e.
1022 4470 1122 4527 Voces
1138 4473 1268 4544 gemitus
1285 4469 1420 4549 Rachel.)
1444 4473 1469 4529 V
1490 4473 1601 4529 Hradci
1625 4475 1766 4533 Kralove.

942 4572 1032 4647 1778.
1057 4573 1100 4631 8⁰.
1134 4575 1167 4630 ln
1194 4589 1298 4631 nostra
1325 4575 1397 4633 bibl.
1423 4576 1522 4644 deest,
1547 4593 1713 4654 conceptus
1738 4583 1766 4635 in

124 4622 216 4665 >nem
227 4605 331 4665 valde
343 4604 506 4666 dilatavit
516 4615 551 4667 et
560 4604 670 4667 auxit.
683 4605 744 4667 Ad
756 4625 857 4687 prae-

937 4678 1019 4736 arch.
1036 4680 1124 4736 Biev.
1143 4678 1197 4735 sub
1215 4681 1248 4737 C.
1265 4682 1302 4737 X.
1325 4695 1371 4753 13.

123 4745 224 4787 uram
247 4725 424 4808 Raigrad.
448 4727 592 4788 tandem
621 4738 767 4789 evectus
794 4727 857 4789 im·

1024 4811 1061 4867 ll.
1078 4812 1179 4867 Pietas
1195 4810 1394 4870 benedictina.
1413 4813 1558 4882 Venetiis,
1580 4828 1669 4888 1751,
1687 4815 1766 4890 apud

324 4970 330 4983 .
511 4971 518 4984 .
778 4972 784 4984 ,
896 4882 899 4989 i
937 4916 959 4971 l.
977 4916 1063 4991 Bapt.
1080 4913 1218 4972 Albrizzi.
1237 4917 1269 4971 In
1286 4930 1390 4973 nostra
1406 4916 1478 4975 bibl.
1496 4918 1552 4976 sub
1564 4919 1617 4975 Bn.
1631 4933 1703 4992 905.
1722 4918 1765 4978 80.

124 4980 225 5033 ertum
257 4971 416 5033 ordmem
444 4973 608 5054 redigere
636 4972 855 5054 aggredrtur.
896 4998 898 5015 ι
937 5018 1000 5094 396
1018 5039 1046 5096 p·

1024 5152 1076 5208 111.
1101 5135 1218 5209 Reholc
1243 5151 1301 5209 neb
1322 5153 1418 5210 zakon
1439 5174 1484 5211 sv.
1502 5155 1580 5212 Otce
1597 5155 1767 5213 Benedikta

936 5270 1039 5332 opata,
1062 5257 1107 5313 tei
1125 5256 1196 5331 jeho
1217 5260 1306 5314 iivot.
1330 5255 1405 5335 (ie.
1428 5259 1545 5333 Regula
1561 5273 1592 5316 et
1607 5262 1668 5316 vita
1691 5280 1714 5317 S.
1732 5262 1764 5318 P.

124 5336 237 5418 bullis>
259 5336 409 5419 allisque
426 5339 471 5400 ad
487 5358 561 5401 sem
578 5337 858 5401 eceleSlaSticam
895 5356 898 5403 3
937 5359 1113 5440 Benedicti.)
1134 5363 1265 5430 verne,
1287 5362 1377 5436 1760.
1394 5364 1552 5438 Vytittena
1568 5384 1585 5420 u
1603 5365 1766 5422 Emanuele

124 5458 290 5542 antibus,
313 5460 438 5522 horum
459 5461 671 5524 auctoritate
693 5459 857 5524 suffultus
895 5411 899 5523 i
936 5464 1092 5542 Svobody.
1110 5468 1162 5525 Bn.
1185 5467 1296 5543 19716.
1315 5468 1356 5526 8⁰.
1376 5483 1438 5542 ²²4
1455 5488 1483 5545 p.

1507 5581 1541 5635 4.4

124 4867 185 4909 am
208 4848 300 4909 hanc
326 4867 441 4910 rerum
467 4849 695 4912 collectarum
718 4849 857 4931 copiam

124 5092 179 5155 :tis
199 5092 322 5174 itaque
347 5093 601 5174 diplomatibus
629 5114 769 5176 regum,
794 5095 857 5156 du·

126 5224 163 5277 et
179 5214 420 5277 marchionum
436 5216 630 5298 Moraviae,
653 5235 699 5277 ss.
716 5214 857 5297 pontifi-
