4034 6262
864 515 1256 587 —525-n

225 702 334 783 Typis
351 700 475 763 edidit:

223 846 245 901 I.
264 843 404 901 Heinrich
420 862 480 899 von
496 843 675 918 Morungcn‚
697 861 751 898 aus
773 841 839 898 dem
855 842 965 898 Mittcl·

138 949 379 1007 hochdeutschen
393 949 533 1005 metrisch
547 945 740 1021 tibertragcn.
758 943 787 1024 (i.
802 965 828 1002 e.
842 947 965 1002 chrici

136 1055 212 1110 illius
238 1067 348 1130 poetae
371 1054 583 1126 Morungcnsis
611 1053 773 1107 carminum
801 1052 830 1105 in
858 1068 965 1106 verna·

135 1159 232 1215 culum
245 1155 367 1236 versio.)
384 1173 395 1213 1
410 1158 470 1213 vol.
485 1155 526 1214 8⁰.
541 1158 640 1221 lenae,
656 1155 746 1228 1875,
756 1168 819 1230 typ.
830 1153 965 1211 Eduardi

134 1264 304 1319 Fromman.

220 1424 423 1497 Wiilberz
439 1432 679 1498 Stanislaus
695 1430 966 1514 (San-Blasia-

132 1553 233 1634 nus).
258 1552 372 1613 Natus
397 1561 452 1613 est
472 1550 508 1612 in
528 1550 719 1630 Esslingen
736 1549 771 1610 in
787 1549 966 1610 Wiirtem·

132 1674 259 1757 bergia
276 1673 333 1735 die
351 1677 380 1735 5.
396 1672 487 1734 Nov.
510 1675 604 1749 1695;
629 1689 656 1733 s.
677 1669 801 1732 habitu
822 1670 967 1732 indutus

131 1798 167 1861 in
192 1796 275 1858 divo
300 1796 437 1875 Blasi0,
462 1794 679 1856 sollemniter
701 1791 885 1874 professus
909 1791 967 1854 die

138 1940 184 1997 17·
209 1919 297 1980 Dec.
325 1923 420 1997 1713,
445 1916 613 1977 sacerdos
637 1914 821 1977 ordinatus
845 1933 967 1975 mense

133 2039 232 2101 Maio
261 2059 351 2117 1720.
381 2037 453 2098 Vix
477 2037 581 2099 trium
606 2056 776 2098 annorum
800 2037 967 2098 sacerdos

133 2163 168 2223 in
185 2160 367 2222 abbatiam
385 2168 580 2239 assumtus,
603 2159 787 2239 sacellani,
809 2157 968 2219 archiva-

131 2283 184 2363 rii,
201 2282 424 2344 renovatoris
440 2290 476 2343 et
491 2280 751 2343 ratiocinatoris
768 2278 886 2341 munia
903 2298 968 2361 per

134 2406 259 2467 decem
269 2423 380 2465 annos
391 2423 521 2484 magna
531 2403 721 2464 sedulitate
731 2401 968 2483 gessit;prae-

132 2527 274 2609 positus
301 2535 428 2606 postea
457 2523 730 2587 Gurtwihlensis
758 2523 859 2585 annis
887 2541 967 2604 sep-

133 2648 324 2712 temdecim
339 2668 409 2709 non
426 2647 501 2708 sine
519 2646 746 2709 oeconomiae
764 2654 967 2726 augmento.

135 2771 414 2834 Administrator
450 2769 678 2831 ecclesiarum
714 2768 749 2829 in
781 2766 972 2829 Bonndorf

133 2915 199 2976 per
214 2904 289 2955 tres
305 2912 446 2954 menses
463 2900 611 2972 tantum,
636 2890 763 2951 iterum
785 2890 830 2951 ad
853 2890 968 2950 aulam

133 3015 351 3079 abbatialem
367 3022 556 3075 revocatur
569 3033 648 3074 cum
663 3013 765 3074 titulo
782 3011 968 3073 feudorum

133 3136 350 3219 praepositi;
383 3135 496 3196 altera
527 3135 605 3196 vice
637 3133 903 3195 administrator
933 3133 969 3194 in

135 3256 330 3338 Bonndorf,
340 3257 471 3318 ibidem
481 3266 564 3337 post
573 3255 743 3316 tredecim
757 3272 897 3316 menses
910 3254 968 3315 die

135 3402 163 3443 2.
180 3381 246 3442 Iul.
264 3379 458 3460 apoplexia
479 3380 524 3440 ad
546 3377 729 3439 introitum
744 3376 878 3437 Missae
895 3384 968 3437 tac·

134 3514 209 3584 tus,
235 3510 426 3583 praesente
448 3509 483 3561 et
505 3500 663 3561 ultimam
685 3498 734 3560 illi
749 3497 968 3559 benedictio-

135 3645 217 3687 nem
246 3623 471 3703 impertiente
498 3621 683 3683 Meinrado
715 3622 847 3681 abbate
880 3617 969 3681 obiit

134 3745 405 3827 sexagenarius
434 3744 529 3804 Vere
551 3741 750 3806 Stanislaus
775 3741 841 3802 iste
866 3749 970 3820 pater

135 3880 171 3932 et
189 3868 343 3948 scriptor
364 3867 532 3929 historiae
557 3865 774 3926 domesticae
795 3862 969 3944 appellari

133 4002 301 4070 meretur,
326 3999 364 4051 ut
389 3989 448 4069 qui
472 3991 518 4049 ab
539 4007 582 4049 eo
602 3998 773 4068 tempore,
796 4005 866 4065 quo
882 3995 969 4046 tam·
1009 4032 1012 4067 ,

1009 4092 1012 4107 '
1056 4092 1144 4166 1726.
1171 4094 1311 4149 Continet
1327 4089 1367 4168 (in
1385 4088 1467 4169 lolio)
1485 4109 1555 4166 pag.
1575 4106 1642 4155 111,
1661 4103 1690 4145 ct
1703 4090 1883 4144 adservatur

135 4132 243 4195 quarn
275 4111 474 4173 sacellanus
507 4129 690 4170 accessum
717 4109 763 4169 ad
789 4107 970 4169 archivum

132 4235 271 4314 habuit,
290 4236 335 4294 ad
352 4242 500 4294 mortem
518 4251 630 4311 usque
647 4250 750 4292 omne
767 4240 907 4310 tempus
924 4231 969 4290 ab

136 4356 266 4420 officiis
283 4354 352 4416 sibi
367 4374 519 4416 vacuum
536 4356 581 4414 ad
598 4352 843 4413 illustrandam
860 4350 968 4411 histo-

134 4480 224 4541 riam
241 4476 446 4539 monasterii
468 4496 494 4536 s.
512 4475 623 4536 Blasii
645 4473 811 4535 continuo
835 4472 970 4551 impen-

135 4601 197 4682 dit,
212 4601 320 4680 inque
335 4618 413 4659 eam
426 4617 500 4658 rem
513 4596 660 4678 triginta
669 4614 781 4676 prope
792 4592 970 4656 volumina

135 4733 197 4784 aut
222 4721 302 4802 ipse
330 4739 435 4781 manu
459 4717 602 4799 propria
631 4727 666 4778 et
691 4715 803 4778 nitido
832 4715 969 4777 calamo

135 4842 358 4923 conscripsit,
376 4851 437 4903 aut
453 4843 499 4901 ab
516 4840 594 4900 aliis
611 4839 814 4919 conscripta
838 4835 969 4917 compi·

134 4967 233 5028 lavit.
258 4966 363 5026 Iussu
380 4962 522 5024 abbatis
535 4960 647 5023 Blasii
659 4960 841 5021 historiam
855 4961 969 5019 almae

135 5098 170 5151 et
190 5084 510 5167 archiepiscopalis
530 5081 772 5145 universitatis
793 5079 970 5144 Salisbur-

134 5209 258 5294 gensis
284 5228 305 5269 a
322 5205 499 5268 Blasianis
520 5205 560 5267 P.
576 5204 743 5264 Romano
760 5201 971 5283 Sedelmayr

1008 5132 1011 5145 t

1009 5154 1011 5163 ι

1009 5198 1011 5211 l

1044 699 1217 781 Herrgott
1233 699 1269 762 in
1285 703 1423 764 edenda
1446 721 1511 764 sua
1530 702 1744 783 genealogia
1762 701 1874 780 diplo-

1046 821 1175 882 matica
1192 822 1317 883 domus
1329 822 1602 904 Habsburgicae
1617 822 1874 884 auxiliatricem

1045 962 1186 1004 manum
1218 944 1400 1024 praebuit,
1431 945 1656 1026 perlustratis
1686 943 1875 1005 Helvetiae

1045 1063 1263 1145 aliorumque
1279 1065 1435 1127 locorum
1457 1067 1610 1129 archivis
1632 1079 1666 1127 et
1688 1065 1876 1126 bibliothe-

1045 1186 1106 1268 cis,
1124 1207 1143 1248 e
1161 1188 1291 1268 quibus
1307 1208 1473 1269 magnam
1490 1189 1629 1269 copiam
1644 1189 1875 1268 diplomatum

1046 1319 1081 1370 et
1098 1319 1403 1372 monumentorum
1418 1310 1573 1392 collegit,
1588 1310 1876 1390 eiqueViennam

1046 1431 1251 1494 transmisit.
1276 1431 1368 1493 Aliis
1386 1431 1530 1513 insuper
1550 1431 1664 1493 modis
1690 1452 1762 1492 rem
1784 1431 1876 1490 litte-

1046 1552 1173 1613 rariam
1207 1552 1243 1614 in
1273 1573 1300 1614 s.
1332 1553 1453 1614 Blasio
1485 1573 1695 1635 promovere
1732 1551 1876 1630 studuit,

1046 1676 1393 1756 nummophylacium
1410 1676 1639 1757 praesertim,
1662 1675 1760 1736 cuius
1783 1694 1878 1734 amo-

1046 1816 1120 1858 rem
1139 1806 1174 1858 et
1190 1796 1473 1858 aestimationem
1491 1796 1613 1858 abbati
1631 1797 1821 1857 Francisco
1835 1796 1877 1856 ΙΙ.

1048 1919 1243 1981 instillavit.
1274 1919 1432 1980 Melioris
1458 1938 1600 1999 quoque
1628 1930 1733 1979 notae
1758 1919 1877 1996 libros,

1047 2040 1164 2102 lexica
1188 2040 1334 2120 antiqua
1355 2040 1547 2121 praecipue
1569 2039 1728 2119 aliosque
1751 2039 1879 2099 biblio·

1048 2163 1173 2224 thecae
1196 2161 1385 2223 Blasianae
1407 2161 1629 2242 importavit,
1654 2161 1804 2240 pecunia
1830 2161 1878 2222 ei-

1048 2285 1127 2345 dem
1152 2283 1275 2344 abbati
1298 2283 1582 2362 subministrata,
1607 2303 1712 2363 quain
1740 2293 1792 2342 tot
1819 2302 1879 2342 an-

1047 2406 1101 2467 nis
1115 2403 1309 2466 Gurtwilae
1326 2404 1563 2485 praepositus,
1581 2403 1796 2484 parsimonia
1816 2423 1879 2464 sua

1048 2537 1084 2589 et
1100 2526 1306 2589 oeconomia
1322 2528 1518 2607 prudenter
1535 2527 1789 2605 administrata,
1810 2526 1879 2587 col-

1047 2650 1195 2731 legerat,
1219 2649 1272 2711 vir
1296 2651 1340 2711 de
1365 2649 1548 2730 republica
1565 2649 1733 2709 Blasiana
1758 2649 1879 2708 multis

1047 2772 1161 2833 titulis
1177 2774 1269 2833 bene
1286 2771 1441 2832 meritus.

1138 2909 1343 2991 Sequuntur
1359 2911 1435 2972 eius
1452 2930 1562 2991 opera
1578 2931 1683 2971 manu
1701 2910 1849 2990 scripta:

1135 3055 1157 3108 Ι,
1189 3054 1276 3109 Nova
1308 3055 1493 3109 incrementa
1525 3055 1771 3127 congregationis
1804 3053 1880 3107 San-

1048 3159 1217 3224 Blasianae,
1246 3176 1299 3212 seu
1330 3151 1598 3212 tria'monasteria
1628 3177 1651 3212 S.
1676 3157 1827 3212 Wilhelmi
1853 3158 1881 3210 in

1049 3260 1207 3328 Oberricd,
1234 3264 1263 3316 in
1287 3260 1361 3317 Sion
1382 3274 1412 3316 et
1434 3263 1462 3315 in
1483 3262 1622 3334 Mengen,
1649 3263 1831 3316 monasterio
1857 3280 1880 3315 s.

1048 3365 1137 3421 Blasii
1152 3368 1346 3440 incorporata
1364 3378 1453 3436 1725.
1478 3366 1715 3440 Manuscriptum
1733 3366 1790 3420 hoc
1808 3383 1880 3419 con·

1048 3472 1159 3525 tinctus
1186 3473 1213 3524 in
1242 3468 1375 3525 ciusdem
1401 3471 1533 3525 auctoris
1557 3470 1681 3524 historia
1706 3488 1759 3523 seu
1785 3471 1882 3522 incre·

1049 3576 1155 3629 mentis
1173 3587 1299 3629 monast.
1317 3593 1341 3628 ε.
1359 3572 1464 3639 Blasii;
1482 3586 1512 3627 et
1525 3575 1615 3647 copia
1632 3572 1763 3627 eiusdem
1778 3571 1882 3625 adscr-

1048 3691 1136 3733 vatur
1153 3679 1182 3732 in
1199 3678 1323 3733 archivo
1341 3676 1553 3732 Einsicdlensi.

1135 3783 1171 3837 11.
1195 3782 1257 3837 Res
1273 3781 1351 3837 domi
1370 3781 1503 3854 lorisque
1520 3780 1677 3853 praeclare
1699 3791 1804 3850 gestae
1826 3776 1882 3832 sub

1049 3885 1211 3942 abbatibus
1228 3887 1251 3940 F
1254 3888 1391 3941 rancisco
1410 3885 1442 3950 1.‚
1461 3883 1599 3950 Oddone‚
1618 3884 1764 3948 Romane,
1780 3882 1882 3954 Angu-

1049 3993 1144 4057 stin0‚
1173 3988 1211 4044 ab
1235 4007 1312 4044 anno
1342 3987 1420 4058 1638
1446 4005 1541 4061 usque
1571 4001 1659 4059 1720.
1684 3988 1880 4059 Manuscript.

1051 4202 1080 4255 in
1097 4198 1220 4254 archivo
1238 4195 1451 4251 San-Paulano
1467 4197 1523 4251 No.
1546 4210 1614 4267 142.

1138 4303 1188 4357 111.
1212 4303 1317 4356 Brevis
1340 4301 1490 4356 indiculus
1508 4318 1607 4354 rerum
1630 4301 1677 4374 pie
1696 4298 1883 4372 feliciterque

1049 4421 1203 4481 gestarum
1225 4405 1281 4461 sub
1304 4405 1403 4459 Blasio
1425 4404 1476 4458 Ill.
1499 4401 1610 4459 abbate
1634 4402 1672 4458 ab
1697 4422 1775 4456 anno
1803 4418 1883 4474 1720

1050 4530 1145 4585 usque
1162 4524 1252 4583 1727.
1270 4510 1465 4583 Manuscript.
1481 4507 1571 4580 1728.
1590 4508 1731 4563 Continet
1744 4503 1784 4583 (in
1798 4505 1883 4582 solio)

1050 4634 1119 4690 pag.
1139 4629 1188 4686 74,
1213 4628 1243 4669 et
1266 4614 1444 4669 adservatur
1464 4615 1493 4668 in
1515 4613 1639 4668 archivo
1658 4612 1883 4667 San-Paulano

1050 4720 1105 4774 Nu.
1128 4733 1196 4790 143.

1138 4822 1187 4878 IV.
1204 4822 1352 4879 Analecta
1369 4822 1523 4877 illustrium
1545 4834 1575 4876 et
1592 4819 1733 4876 nobilium
1751 4822 1881 4874 virorum

1050 4926 1263 5000 genealogica,
1293 4929 1321 4981 in
1345 4926 1454 4999 quibus
1477 4940 1627 5000 apparent
1651 4925 1778 4979 familiae
1805 4922 1883 4977 mille

1050 5043 1212 5086 sexcentae
1238 5033 1406 5104 octoginta,
1435 5047 1517 5084 arma
1542 5031 1687 5103 gentilitia
1713 5047 1748 5083 ex
1773 5028 1884 5081 chartis

1051 5134 1181 5210 pendula
1197 5133 1302 5189 cadem
1319 5133 1414 5189 forma
1430 5148 1460 5189 et
1474 5133 1676 5208 magnitudine
1690 5133 1804 5187 calamo
1819 5133 1883 5185 eius

1051 5239 1171 5314 depicta
1189 5238 1267 5293 rnillc
1284 5240 1459 5311 octingenta
1475 5240 1580 5311 viginti
1598 5251 1735 5311 quatuor.
1758 5252 1776 5305 4
1799 5235 1884 5288 volu-

135 5339 314 5412 coeptam,
333 5338 368 5389 et
384 5328 424 5390 P.
438 5327 604 5387 Romano
621 5324 735 5385 Endel
751 5325 971 5387 elabOffltam
1053 5345 1130 5398 mina
1147 5345 1175 5398 in
1195 5342 1275 5398 lolio.
1299 5340 1388 5414 1736.
1411 5343 1648 5416 Manuscriptum
1666 5343 1722 5396 hoc
1739 5339 1884 5394 adserva-

134 5465 170 5516 et
182 5451 385 5535 perfectam
394 5450 494 5530 prelo
507 5447 690 5510 commisit.
705 5447 745 5508 P.
757 5448 972 5529 Marquardo
1010 5440 1013 5526 l
1054 5462 1101 5502 tur
1117 5450 1145 5501 in
1161 5447 1286 5503 archivo
1303 5444 1512 5501 San-Paulano
1530 5447 1585 5501 Ne.
1608 5461 1676 5519 193.
