4034 6262
850 512 896 520 -
954 488 1028 558 370
1084 513 1130 521 --

120 671 298 733 historicis
312 643 460 734 ¹multum
477 683 682 755 occupatus
706 674 787 735 dein
809 674 951 736 abbatis
989 689 993 787 q
1032 675 1225 737 damentali
1248 675 1444 739 litterarum
1469 697 1589 740 amore
1618 679 1752 744 imbutus
1768 704 1814 764 per

120 792 265 855 Martini
278 793 375 856 vices
387 814 526 876 gerens,
544 795 579 856 in
592 796 707 857 locum
721 793 879 857 defuncti
893 795 951 857 die
1030 809 1152 878 patres
1170 799 1369 860 scholarum
1385 799 1525 880 piarum
1546 799 1680 863 iuvenis
1699 804 1814 884 optimae

126 920 172 979 ro.
189 914 275 977 Maii
296 921 374 993 1703
394 918 506 978 abbas
524 918 659 979 electus
682 926 746 979 est.
778 915 951 980 Omnibus
1032 917 1159 979 indolis
1173 920 1291 981 studia
1301 920 1508 984 humaniora
1518 921 1554 983 in
1563 923 1736 1004 gymnasio
1745 927 1815 987 urbis

118 1037 254 1120 ingenii
289 1037 519 1100 facultatibus
556 1050 592 1100 et
623 1038 729 1101 animi
760 1038 951 1102 virtutibus
1032 1038 1186 1120 patriae,
1213 1042 1308 1121 quod
1329 1061 1395 1103 sex
1417 1043 1576 1105 habebat
1600 1045 1730 1126 classes,
1749 1067 1816 1109 anno

119 1160 304 1241 praeditus
335 1161 380 1223 ad
411 1180 537 1222 munus
572 1162 662 1221 adeo
698 1161 853 1241 amplum
884 1161 951 1223 rite
1036 1164 1114 1223 1808
1132 1161 1267 1241 optimo
1284 1182 1363 1224 curn
1384 1182 1552 1226 successu
1573 1166 1718 1229 absolvit
1736 1180 1764 1229 et
1783 1169 1818 1230 in·

117 1283 333 1362 obeundum,
351 1282 586 1344 antecessoris
603 1281 759 1344 inlustris
776 1282 952 1364 principia
991 1300 993 1307 ’
1031 1291 1136 1344 natae
1150 1283 1217 1344 sibi
1230 1285 1276 1345 ad
1290 1285 1441 1347 docendi
1454 1305 1582 1349 munus
1595 1287 1723 1350 libidini
1736 1289 1818 1351 indul·

119 1415 279 1483 secutus,
303 1405 413 1467 multa
437 1415 473 1467 et
495 1405 620 1487 gravia
643 1406 735 1466 mala
758 1424 951 1486 perpessus
1031 1423 1121 1485 gens
1137 1404 1296 1468 ordinem
1313 1407 1428 1490 ipsum
1442 1409 1481 1472 P.
1495 1408 1702 1472 Calasanctii
1717 1410 1819 1493 ingres·

119 1536 185 1609 est,
203 1536 241 1589 ut
258 1528 448 1608 aliquando
465 1528 551 1610 fuga
567 1528 634 1590 sibi
651 1529 835 1590 consulere
849 1547 951 1591 coac·
990 1550 993 1595 ι
1030 1545 1091 1587 sus
1107 1525 1142 1587 in
1158 1527 1472 1611 Vetero-Aquensi
1488 1531 1642 1613 collegio
1657 1552 1716 1613 per
1729 1534 1820 1595 decur-

120 1659 178 1712 tus
195 1658 301 1729 esset,
319 1648 481 1730 quamvis
495 1649 601 1711 etiam
614 1649 706 1711 inter
719 1669 815 1711 arma
829 1669 951 1711 musae
1032 1666 1108 1709 sum
1124 1648 1208 1710 anni
1224 1669 1308 1711 suas
1324 1652 1370 1713 ad
1387 1651 1464 1713 eius
1484 1652 1628 1734 generis
1649 1653 1771 1715 labores
1786 1654 1798 1716 i
1813 1690 1821 1701 -

120 1772 311 1834 Blasianae
328 1791 506 1852 nunquam
524 1771 709 1851 tacuerint,
733 1782 768 1833 et
785 1791 829 1832 ex
847 1781 951 1853 typo·
990 1852 992 1877 Ι
1031 1770 1368 1851 cultatesprobavit.
1385 1774 1582 1856 Postquam
1594 1794 1677 1838 vero
1691 1776 1822 1858 seipsum

121 1893 274 1976 graphia
290 1891 458 1956 Blasiana
482 1895 583 1975 plura
608 1914 717 1976 opera
742 1896 848 1957 docta
871 1913 951 1975 pro·
990 1886 992 1893 ’
1030 1905 1258 1973 perspectum
1280 1905 1465 1976 totumque
1487 1904 1661 1959 tentatum
1681 1900 1823 1980 cognovit,

119 2017 258 2079 dierint.
287 2015 383 2078 Mala
409 2014 591 2078 Gallorum
613 2016 715 2078 bellis
736 2015 951 2078 monasterio
1031 2013 1145 2075 ordini
1166 2015 1339 2078 valedixit
1363 2028 1399 2078 et
1419 2017 1577 2080 Brunam
1600 2019 1721 2081 studiis
1741 2020 1823 2100 philo

123 2138 257 2201 inflicta
273 2147 336 2201 aut
351 2137 536 2219 intentata,
557 2140 657 2221 leges
679 2139 713 2200 in
734 2139 952 2220 publico-ec·
1032 2137 1187 2216 sophicis
1213 2138 1383 2201 insudans
1407 2159 1446 2201 se
1472 2141 1639 2222 contulit,
1662 2162 1744 2223 quae
1767 2146 1822 2203 1811

119 2260 329 2324 clesiasticis
345 2262 439 2323 latae
454 2261 678 2323 monasteriis
691 2261 853 2341 infestae,
866 2260 952 2323 fluc-
1032 2258 1185 2321 omnium
1203 2259 1269 2322 sibi
1286 2261 1391 2323 laude
1407 2273 1536 2342 parata
1558 2261 1682 2325 finivit.
1708 2262 1825 2326 Instanti

120 2395 225 2448 tuans
248 2384 467 2466 reipublicae
485 2384 697 2466 Brisgoviae
722 2383 877 2446 conditio
900 2384 951 2446 in·
1032 2401 1123 2444 nunc
1140 2394 1329 2464 momento,
1353 2403 1422 2464 quo
1439 2385 1546 2447 animi
1564 2406 1702 2449 cursum
1720 2387 1759 2448 ad
1775 2405 1826 2447 cer-

120 2526 276 2590 genuum
300 2505 442 2568 abbatis
467 2505 621 2568 animum
645 2506 743 2568 luctu
767 2514 803 2567 et
826 2505 951 2568 timore
1031 2512 1105 2565 tum
1119 2504 1214 2566 vitae
1231 2516 1362 2567 statum
1379 2506 1584 2589 eligendum
1601 2506 1825 2591 dirigeretur·

120 2772 190 2831 sus,
208 2760 243 2814 et
260 2750 409 2813 amicum
434 2752 602 2813 abbatem
623 2770 650 2812 S.
667 2750 765 2813 Petri
791 2751 825 2813 in
849 2751 952 2833 nigra

119 2629 326 2693 affecerunt.
340 2628 496 2690 Itainter
507 2649 606 2710 spem
616 2638 652 2691 et
663 2641 793 2690 metum
803 2649 951 2710 suspen·
1032 2627 1247 2707 cumspectis
1273 2630 1380 2691 rebus
1405 2629 1570 2693 omnibus
1593 2629 1825 2710 rationibusque

1032 2749 1217 2811 subductis
1246 2750 1364 2813 studia
1395 2753 1600 2835 theologiae
1628 2752 1827 2834 amplexanda

120 2874 211 2937 silva
234 2873 385 2935 visitans
409 2872 593 2954 inopinato
617 2871 811 2954 apoplexia
835 2881 951 2938 tactus
991 2930 993 2945 ,
1033 2871 1216 2933 constituit
1232 2883 1268 2934 et
1281 2873 1433 2953 primum
1445 2875 1571 2937 horum
1584 2875 1826 2937 annumBrunae

119 2996 210 3058 obiit
226 2995 283 3057 die
305 3001 350 3057 ro.
369 2994 457 3056 Nox.
480 2999 568 3056 1801.
594 2995 666 3056 Iste
683 3015 709 3056 s.
724 2994 822 3056 Petri
839 2995 952 3056 abbas
1033 2992 1177 3055 audivit.
1203 2993 1318 3074 Quum
1335 3015 1420 3058 vero
1438 3009 1632 3059 extraneus
1654 2997 1827 3059 imalumna-

119 3117 283 3199 ignatius
301 3116 455 3197 Speckle
476 3116 611 3178 obitum
633 3115 723 3179 tanti
744 3117 810 3178 viri
830 3116 866 3178 in
888 3137 951 3178 suo
1032 3127 1106 3179 tum
1123 3117 1238 3197 ipsum
1256 3117 1389 3198 suscipi
1402 3117 1534 3181 frustra
1547 3129 1727 3200 tentasset,
1741 3135 1826 3198 neque

120 3238 235 3301 diario
251 3240 380 3301 acerbe
397 3251 614 3321 conquestus
635 3249 700 3320 est,
721 3239 891 3320 scribens,
913 3259 951 3301 se
991 3268 993 3287 =
1034 3238 1231 3300 subsidium
1263 3239 1405 3320 aliquod
1437 3241 1636 3322 obtineret,
1667 3253 1702 3304 et
1729 3239 1827 3302 exinde

119 3363 238 3443 ipsum
250 3360 448 3443 perdidisse
463 3371 645 3443 potentem
658 3361 832 3424 fautorem
849 3372 885 3424 et
901 3361 951 3423 in·
1032 3360 1166 3423 victum
1179 3361 1421 3444 vestitumque
1437 3362 1505 3424 sibi
1523 3383 1728 3445 comparare
1741 3361 1827 3444 priua·

121 3484 244 3546 timum
254 3483 415 3564 amicum,
429 3483 570 3546 ordines
580 3484 790 3567 Brisgoviae
801 3484 950 3566 primum
990 3476 993 3578 l
1032 3482 1093 3544 tim
1107 3484 1290 3546 edocendo
1304 3503 1435 3565 pueros
1448 3495 1649 3575 cogeretur,
1662 3485 1795 3548 maxima
1803 3483 1827 3543 in

118 3616 156 3669 et
179 3606 387 3669 acerrimum
408 3606 580 3687 sodalem,
609 3609 760 3670 abbates
787 3607 952 3688 dignissi·
1032 3624 1096 3685 spe
1113 3607 1338 3687 constitutus,
1355 3606 1432 3668 sore
1444 3618 1483 3670 ut
1495 3608 1640 3690 Pragae
1652 3627 1765 3671 munus
1777 3624 1828 3667 ma·

118 3749 214 3791 mum
231 3738 267 3791 et
283 3749 363 3792 cum
376 3728 529 3791 maxime
542 3739 725 3792 actuosum
739 3729 950 3810 praesidem,
1032 3727 1135 3809 gistri
1152 3729 1284 3810 privati
1301 3729 1462 3792 obtinere
1476 3730 1603 3811 possit,
1620 3732 1654 3793 in
1665 3728 1828 3812 praefatam

118 3852 308 3915 ecclesiam
325 3852 540 3933 intrepidum
554 3860 717 3932 tutorem,
735 3851 880 3932 quirem
896 3871 950 3913 re·
1032 3870 1070 3912 se
1088 3851 1236 3913 contulit
1253 3850 1444 3932 civitatem,
1462 3853 1524 3915 ubi
1540 3852 1744 3916 necessariis
1756 3851 1827 3912 vitae

119 3974 263 4057 ligionis
284 3994 402 4036 coram
419 3974 646 4056 magnatibus
674 3984 710 4035 et
729 3973 951 4054 principibus
1031 3971 1116 4035 licet
1137 3973 1336 4035 omnimode
1360 3974 1566 4057 instructus,
1589 3975 1719 4038 frustra
1740 3985 1828 4037 tanen

121 4116 184 4158 ore
200 4107 235 4160 et
252 4098 387 4160 calamo
401 4096 628 4176 defendebat,
646 4107 682 4157 et
700 4095 951 4157 monasterium
1031 4115 1097 4176 per
1113 4105 1254 4176 tempus
1271 4098 1451 4160 vocationi
1459 4098 1629 4162 'internae
1645 4097 1772 4175 restitit,
1785 4096 1828 4155 do

119 4239 146 4281 s.
165 4218 276 4282 Blasii
292 4220 327 4281 in
343 4221 451 4281 rebus
471 4220 562 4280 adeo
584 4218 703 4281 arduis
724 4217 899 4300 insignem
916 4227 952 4280 et
1031 4238 1096 4280 nec
1114 4220 1160 4281 ad
1176 4219 1296 4281 studia
1312 4220 1517 4302 theologiae
1534 4222 1765 4284 continuanda
1776 4214 1829 4279 ani·

121 4340 284 4403 omnibus
300 4340 420 4423 magni
436 4341 663 4404 aestimatum
680 4339 885 4403 antistitem.
1033 4361 1125 4403 mum
1139 4334 1353 4421 adverteret,
1367 4363 1516 4424 quorum
1531 4364 1662 4407 annum
1672 4341 1830 4406 secundun

206 4462 374 4544 Sequitur
391 4463 468 4525 eius
484 4463 779 4543 manuscriptum:
1032 4474 1068 4527 et
1081 4465 1223 4528 tertium
1232 4466 1374 4547 Pragae
1388 4467 1434 4528 ad
1446 4465 1553 4529 finem
1563 4467 1737 4548 perduxit
1750 4462 1830 4523 Vitae

207 4588 340 4645 Diarium
358 4608 382 4644 s.
402 4589 491 4645 Blasii
510 4589 546 4644 de
563 4607 642 4645 anno
661 4586 837 4661 1768-83.
856 4588 950 4644 Unum
989 4572 992 4651 i
1031 4607 1116 4650 vero
1142 4588 1352 4669 tranquillae
1377 4587 1411 4649 in
1437 4590 1614 4652 coenobio
1637 4585 1830 4672 peragendae

119 4692 259 4748 volumen
276 4691 316 4770 (in
334 4690 427 4770 solio),
449 4696 582 4750 continet
603 4692 673 4748 solia
696 4708 769 4765 331,
795 4707 825 4750 et
847 4693 951 4749 adser·
989 4654 993 4789 i
1031 4709 1207 4772 desiderio
1229 4709 1387 4792 flagrans
1412 4730 1506 4773 anno
1533 4715 1613 4774 1815
1637 4712 1683 4774 ad
1704 4718 1829 4817 ngstsum

120 4809 207 4852 vatur
223 4799 250 4852 in
267 4799 391 4854 archivo
408 4796 619 4854 San-Paulano
636 4799 691 4853 N0.
714 4798 781 4870 167.
989 4812 992 4849 1
1031 4831 1178 4912 pulsans
1194 4832 1448 4894 monasterium
1469 4853 1536 4915 per
1556 4836 1720 4897 abbatem
1734 4831 1828 4910 Augu.

204 4945 376 5019 Richter
388 4958 648 5020 Benedictus
662 4959 951 5041 (Raigradien-
1031 4953 1161 5015 stinum
1178 4953 1370 5034 suscipitur
1391 4965 1428 5016 et
1445 4960 1473 5017 8.
1493 4956 1574 5020 Oct.
1597 4956 1699 5020 huius
1717 4954 1828 5017 indutus

120 5071 211 5152 sis),
236 5083 340 5136 natus
364 5075 516 5137 Priborii
540 5076 575 5138 in
599 5077 760 5139 Moravia
790 5099 836 5140 11.
859 5077 949 5140 Νον.
1031 5075 1171 5137 nomine
1185 5096 1212 5138 S.
1222 5076 1335 5157 patris
1351 5078 1465 5140 nostri
1474 5079 1694 5143 Benedictus
1705 5072 1828 5160 appella·

127 5212 202 5271 ¹791
223 5194 258 5255 in
275 5215 301 5257 s.
318 5197 535 5278 baptismate
551 5199 579 5260 F
583 5199 762 5261 ranciscus
778 5200 873 5262 Xav.
890 5219 951 5262 vo·
1031 5207 1088 5259 tus
1109 5207 1173 5260 est.
1203 5198 1274 5260 Per
1298 5200 1495 5264 novitiatus
1518 5205 1703 5267 decursum
1720 5194 1827 5283 praedi·

123 5322 223 5374 catus
238 5314 329 5377 filius
346 5328 423 5380 erat
439 5319 550 5380 maior
570 5330 655 5381 natu
676 5321 783 5401 panni
800 5323 951 5384 textoris
1031 5320 1120 5383 catis
1137 5321 1169 5383 ei
1186 5322 1349 5384 omnibus
1367 5324 1466 5387 duris
1480 5335 1517 5389 et
1529 5328 1676 5409 asperis,
1691 5344 1748 5410 per
1760 5334 1826 5402 quile

124 5442 161 5493 et
173 5438 377 5529 mercatoris
394 5439 470 5500 eius
488 5440 651 5503 civitatis.
676 5442 795 5505 Primo
816 5463 856 5505 ac
873 5442 950 5506 fun·
1030 5444 1101 5506 itur
1117 5445 1162 5506 ad
1178 5445 1293 5506 Deum
1316 5449 1516 5512 secundum
1539 5462 1694 5515 tenorem
1714 5443 1824 5528 regum
