4088 6270
899 452 1156 552 -14'-

159 669 423 732 administrator
439 668 629 750 parochiae
650 668 686 730 in
706 688 733 730 s.
749 678 879 751 monte,
905 672 983 731 1803

157 793 204 854 ad
226 794 305 853 1808
326 789 506 872 professor
525 791 610 853 iuris
630 798 666 853 et
685 790 853 854 historiae
874 793 986 853 eccle-

158 913 323 976 siasticae
344 912 484 995 Iaurini,
510 916 678 975 1808—10
702 911 896 994 spiritualis
921 911 986 974 ibi-

158 1037 249 1118 dem,
271 1040 438 1114 1810—14
459 1035 620 1116 superior
640 1037 764 1098 domus
785 1035 820 1097 in
840 1034 986 1096 abbatia

158 1159 199 1223 B.
220 1157 268 1221 M.
291 1159 333 1221 V.
356 1160 400 1220 de
420 1156 585 1240 dedlk,
609 1177 655 1220 ex
679 1177 721 1220 eo
745 1160 862 1219 denuo
885 1155 987 1236 spiri·

158 1282 264 1345 tualis
283 1280 424 1363 laurini,
447 1281 507 1343 ubi
528 1280 586 1343 die
608 1290 658 1359 29.
678 1279 783 1342 Mart.
810 1282 887 1341 1815
913 1277 987 1339 vita

159 1404 276 1466 cessit.
301 1402 465 1485 Scripsit:

246 1521 461 1596 Compendium
479 1521 621 1577 historiae
637 1519 785 1577 ecclesiae
798 1519 987 1584 christianae,

159 1624 198 1682 ab
218 1625 254 1681 Α.
277 1626 312 1682 R.
333 1644 368 1681 ac
390 1625 434 1681 Cl.
451 1626 483 1681 P.
500 1624 660 1681 Valentino
676 1621 829 1680 Barbarits
850 1623 888 1678 O.
906 1620 937 1678 S.
954 1624 987 1677 Β.

159 1730 197 1787 de
221 1751 245 1786 s.
271 1731 374 1786 Monte
395 1730 581 1796 Pannoniae,
606 1748 630 1785 s.
655 1727 829 1801 theologiae
852 1726 987 1792 doctore.

159 1836 303 1891 historiae
319 1835 544 1891 ecclesiasticae
561 1847 592 1890 et
607 1834 822 1889 institutionum
839 1830 989 1905 theologi·

160 1958 263 1996 carum
276 1937 451 2015 professore
461 1938 631 2005 deductum,
645 1939 769 2013 propria
783 1955 870 1992 manu
883 1953 988 1991 exara·

160 2056 221 2100 tum
238 2057 268 2100 et
284 2043 468 2119 praelectum
486 2043 603 2099 clericis
616 2043 653 2099 O.
667 2040 700 2098 S.
714 2042 747 2098 B.
765 2039 845 2098 1806
862 2053 892 2095 et
909 2038 988 2096 1808

160 2150 279 2205 laurini.
300 2155 343 2222 4⁰.
360 2148 422 2221 408
439 2168 469 2224 p.
491 2149 546 2205 Ms.
564 2147 693 2204 Adserv.
710 2149 738 2202 in
754 2145 826 2202 bibl.
843 2147 872 2201 in
889 2158 989 2200 monte

160 2272 260 2310 sacro.

247 2362 430 2460 Barbdly
467 2375 661 2438 Astricus
698 2375 758 2454 (de
789 2392 816 2434 s,
847 2370 988 2432 Monte

160 2492 422 2575 Pannoniae),
447 2492 483 2555 in
506 2493 597 2554 Tata
623 2511 710 2554 com.
735 2491 929 2555 Comarom.
954 2489 988 2550 111

160 2614 346 2696 Hungaria
376 2614 433 2676 die
465 2635 515 2676 21.
543 2614 618 2676 Iun.
653 2618 732 2693 1796
763 2621 886 2693 natuS,
925 2611 982 2673 die

162 2741 213 2800 28.
225 2734 303 2799 Oct.
318 2740 397 2799 1813
413 2756 439 2799 s
452 2737 576 2798 habitu
592 2737 746 2817 indutus,
764 2736 820 2797 die
833 2740 884 2797 31.
894 2735 989 2816 Aug.

166 2863 243 2937 1817
259 2867 344 2920 vota
360 2858 543 2921 sollemnia
560 2858 685 2921 emisit.
702 2857 761 2919 Ab
775 2845 805 2920 a.
824 2862 991 2936 1817—20

161 2980 387 3063 Comaromii,
420 2985 591 3043 1820—21
619 2980 748 3043 Iaurini
772 2977 888 3041 officio
912 2998 991 3060 pro-

160 3103 306 3166 fessoris
321 3102 473 3185 functus,
493 3104 607 3164 redux
628 3102 663 3164 in
684 3122 710 3164 s.
732 3112 885 3164 montem
911 3106 988 3163 1821

162 3228 208 3288 ad
229 3230 308 3304 1824
333 3245 359 3287 s
384 3225 585 3306 theologiae
606 3224 732 3286 studiis
752 3225 903 3307 vacavit,
925 3225 992 3286 hoc

162 3369 248 3412 vero
261 3367 353 3410 anno
367 3347 424 3410 die
434 3354 484 3410 20.
495 3346 594 3428 Sept.
608 3348 798 3430 presbyter
810 3348 993 3410 ordinatus

163 3481 227 3533 est.
249 3473 417 3548 1824—30
437 3468 618 3549 professor
636 3469 812 3552 gymnasii
830 3467 992 3531 Ginsien·

163 3594 221 3676 siS,
242 3598 405 3655 1830-32
424 3593 460 3654 in
476 3612 502 3654 s
516 3602 635 3654 monte
651 3592 915 3655 administrator
930 3611 992 3671 pa·

163 3715 315 3797 rochiae,
337 3715 613 3777 1832-381110111
631 3711 802 3795 simulque
819 3712 992 3794 subprior,

169 3843 336 3917 1838-30
353 3837 514 3919 provisor
527 3838 651 3899 domus
664 3836 804 3917 ibidem,
826 3839 988 3913 1839—41

164 3961 427 4025 administrator
447 3959 637 4040 parochiae
656 3959 692 4021 in
707 3958 800 4038 Lazi,
826 3961 993 4035 1841-44

164 4082 454 4146 bibliothecarius
470 4090 507 4144 et
520 4092 730 4162 cooperator
743 4081 778 4143 in
791 4079 936 4142 abbatia
950 4079 993 4140 de

165 4206 314 4289 Tihany,
337 4210 502 4283 1844—47
521 4205 683 4285 provisor
699 4206 823 4266 domus
837 4213 874 4266 et
885 4202 994 4264 admi·

165 4329 332 4391 nistrator
347 4327 537 4408 parochiae
554 4327 589 4389 in
605 4327 751 4388 abbatia
768 4327 811 4387 de
828 4326 995 4408 Bakony-

165 4452 234 4532 bel,
266 4454 432 4530 1847-49
461 4424 725 4512 administrator
752 4447 942 4530 parochiae
959 4447 995 4509 in

164 4574 193 4636 F
196 4576 265 4655 iiss,
293 4593 362 4654 quo
383 4591 475 4634 anno
498 4572 556 4634 die
581 4593 627 4634 11.
645 4572 720 4634 11111.
738 4571 796 4652 pie
817 4571 853 4632 in
875 4570 996 4631 Domi·

165 4716 211 4759 no
229 4693 451 4758 obdormivit.
474 4693 640 4775 Scripsit:

253 4814 275 4869 l.
297 4813 430 4868 Diarium
452 4811 613 4886 parochiae
634 4809 737 4886 oppidi
759 4808 995 4866 810111-Μ1111011.

165 4918 192 4975 Α
208 4935 232 4975 1.
242 4917 328 4993 Sept.
342 4917 409 4972 anni
428 4915 504 4987 1831
522 4914 666 4990 usquead
680 4929 726 4986 13.
738 4914 816 4989 Aug.
830 4917 898 4970 anni
917 4914 995 4986 1838

166 5036 360 5080 connotatum
370 5035 400 5076 et
413 5021 533 5076 ductum
544 5019 582 5076 ab
593 5019 715 5076 Astrico
725 5017 853 5094 1311111111Ι
863 5020 997 5095 parocho

166 5142 197 5183 et
208 5126 377 5202 subpriore.
392 5131 434 5181 2⁰.
453 5138 511 5197 140
523 5143 552 5200 p.
567 5124 623 5180 hls.
632 5122 761 5179 Adserv.
774 5125 803 5178 in
815 5121 999 5178 bibliotheca

166 5234 195 5288 in
212 5245 312 5288 monte
329 5249 426 5286 sacr0.

253 5336 290 5392 ll.
308 5335 397 5409 Eggy
410 5353 534 5409 magyar
547 5333 687 5390 tdrtr'tneti
705 5332 883 5388 lexikonhoz
896 5327 999 5387 011116-

167 5443 271 5498 sziileti
295 5439 423 5496 111101Ιέ1
444 5439 565 5495 adatok.
594 5435 624 5514 (i.
644 5458 670 5494 e.
693 5437 849 5506 Quaedam
867 5435 904 5490 ad
926 5436 998 5491 lexi-

1066 690 1123 728 con
1135 673 1308 728 historicum
1324 667 1586 748 componendum.)
1601 669 1766 744 llellyeket

1065 776 1254 851 gyiijtdgetni
1268 774 1388 830 kezdctt
1398 772 1527 849 Barbe'ly
1537 773 1668 842 Asztrik,
1678 792 1778 849 panno

1065 901 1106 938 sz.
1124 879 1288 938 Martonrril
1306 893 1444 935 nevezett
1456 880 1480 934 F
1483 875 1501 935 ὅ
1514 878 1735 935 Monostomak
1750 896 1780 934 sz

1064 986 1124 1042 dek
1145 984 1238 1041 rendli
1259 983 1417 1057 aldozrirja,
1441 985 1514 1039 mint
1531 983 1660 1057 'l'ihanyi
1677 982 1779 1057 kdnyv

1070 1087 1160 1162 1843.
1177 1087 1284 1145 e'vben.
1303 1095 1344 1144 2⁰.
1362 1102 1425 1159 520
1441 1107 1470 1162 p.
1488 1088 1545 1143 Ms.
1561 1087 1681 1143 adserv.
1701 1085 1771 1142 ibid.

1151 1271 1374 1343 Baumann
1397 1278 1618 1341 Michaelis
1643 1278 1780 1360 (scote

1066 1397 1286 1478 Veszprimii,
1300 1397 1335 1459 in
1348 1395 1558 1478 Hungariae
1575 1396 1719 1477 oppido,
1736 1395 1771 1458 in

1068 1520 1184 1583 editus
1197 1520 1254 1582 die
1268 1539 1296 1598 7.
1309 1519 1372 1581 Iul.
1391 1536 1481 1599 1792,
1502 1517 1632 1580 ibidem
1652 1519 1766 1581 bonas

1068 1641 1200 1704 didicit.
1225 1641 1448 1704 Adolescens
1468 1639 1620 1720 primum
1635 1639 1728 1701 inter
1743 1640 1780 1701 al⁴

1068 1763 1245 1827 seminarii
1274 1762 1489 1845 episcopalis
1516 1771 1706 1842 susceptus
1732 1781 1780 1824 cui

1068 1886 1155 1950 tium
1179 1884 1285 1948 studii
1310 1883 1501 1966 theologici
1521 1902 1662 1946 cursum
1678 1883 1779 1945 absol

1069 2007 1214 2071 illustris
1242 2007 1424 2088 cujusdam
1455 2004 1521 2066 viri
1552 2003 1750 2085 patrocinio

1069 2131 1114 2193 ad
1142 2128 1270 2193 Scotos
1297 2128 1562 2191 commendatus
1586 2127 1710 2190 habitu
1737 2127 1781 2188 be

1069 2253 1143 2314 tino
1167 2252 1312 2314 indutus
1336 2260 1391 2313 est
1415 2250 1472 2313 die
1502 2271 1549 2328 14.
1571 2248 1650 2313 Oct.
1678 2252 1767 2311 1815.

1069 2394 1155 2437 vero
1176 2374 1394 2436 sollemniter
1413 2372 1550 2435 emissis
1574 2371 1631 2434 die
1655 2375 1685 2433 5.
1707 2368 1780 2434 Oct.

1070 2496 1127 2558 die
1145 2500 1173 2558 8.
1190 2495 1277 2558 Dec.
1301 2496 1458 2577 ejusdem
1482 2493 1564 2556 anni
1590 2493 1764 2573 primitias

1070 2618 1156 2680 dotii
1182 2617 1386 2679 celebravit.
1424 2616 1512 2678 Mox
1538 2615 1636 2677 vices
1662 2633 1780 2695 cooper

1070 2739 1189 2800 subire
1202 2739 1321 2820 jussus
1343 2748 1398 2800 est
1414 2737 1449 2800 in
1467 2735 1721 2818 Gaunersdorf,
1745 2736 1779 2798 in

1071 2872 1295 2943 operatorem
1312 2866 1386 2943 egit
1402 2862 1449 2923 ad
1465 2880 1491 2922 s
1506 2860 1632 2922 Airam
1648 2860 1683 2921 in
1697 2860 1780 2943 Eggt

1070 2986 1106 3047 in
1119 2986 1212 3046 valle
1230 2993 1368 3063 septem
1385 3002 1506 3046 annos.
1524 2982 1649 3045 Mense
1662 2983 1726 3044 Iul.
1743 2986 1777 3043 18

1072 3118 1172 3169 catus
1185 3106 1220 3169 in
1236 3107 1451 3186 suburbium,
1465 3106 1520 3167 cui
1534 3124 1661 3167 nomen
1673 3103 1781 3185 Camp

1072 3240 1196 3310 torum,
1207 3247 1272 3309 per
1282 3228 1491 3290 decennium
1503 3227 1538 3289 in
1551 3245 1737 3289 numeroso
1749 3224 1780 3287 fi<

1071 3371 1202 3435 grege,
1234 3361 1359 3431 utpote
1386 3350 1533 3432 triginta
1560 3349 1669 3411 millia
1696 3367 1780 3410 exce

1072 3476 1219 3538 multum
1242 3474 1373 3536 laboris
1400 3483 1508 3554 atque
1532 3491 1663 3552 operae
1687 3473 1722 3533 in
1746 3491 1780 3532 er

1073 3600 1138 3661 dos
1163 3597 1436 3659 catechumenos
1461 3597 1702 3675 populumque
1727 3611 1780 3654 eve

1073 3721 1222 3781 zandum
1252 3716 1450 3797 insumpsit.
1485 3716 1592 3777 Anno
1624 3719 1705 3791 1834
1732 3733 1780 3793 pa:

1072 3841 1189 3904 factus
1213 3850 1267 3901 est
1295 3839 1445 3921 primum
1473 3838 1508 3900 in
1532 3834 1780 3899 Waitzendorf

1073 3964 1108 4025 in
1130 3960 1463 4044 Kleinengersdorf,
1489 3962 1735 4037 demum.1841
1760 3958 1780 4019 ir

1073 4085 1233 4167 tinsdorf,
1261 4085 1321 4147 ubi
1345 4093 1494 4164 praeter
1520 4082 1631 4144 fatum
1660 4092 1716 4144 est
1738 4100 1780 4143 1111

1074 4209 1238 4272 Amicum
1262 4207 1353 4269 enirn
1377 4206 1520 4287 publico
1543 4223 1688 4267 munere
1708 4202 1780 4266 inl

1074 4329 1310 4412 ruppersdori
1336 4328 1544 4409 fungentem
1580 4326 1766 4398 inviserat;

1075 4474 1154 4515 cum
1170 4470 1322 4531 vespere
1340 4451 1482 4512 domum
1501 4449 1595 4510 viam
1617 4457 1780 4529 carperet¹

1075 4575 1198 4657 procul
1219 4571 1455 4654 hospitalibus
1475 4570 1579 4632 tectis
1596 4571 1757 4649 sclopeto

1075 4698 1174 4760 sidiis
1189 4695 1311 4757 lethali
1323 4695 1470 4756 vulnere
1484 4691 1648 4754 adfectus
1662 4700 1780 4772 proste

1077 4820 1189 4900 Quem
1207 4817 1380 4899 sanguine
1402 4817 1604 4878 madentem
1625 4812 1746 4876 rustici
1762 4831 1780 4892 q

1077 4943 1323 5004 adolescentes
1332 4988 1340 5019 ,
1376 4939 1435 5019 qui
1462 4937 1553 4999 forte
1582 4951 1778 5017 supervene

1078 5064 1274 5146 proximam
1302 5062 1443 5138 domum
1475 5061 1680 5140 retulerunt,
1712 5054 1771 5118 ubi

1078 5188 1198 5248 bundo
1220 5193 1440 5247 sacramenta
1465 5183 1631 5262 excipere
1655 5180 1780 5242 coelest

1078 5308 1251 5372 beneficio
1267 5307 1378 5379 licuit;
1403 5305 1569 5368 continuo
1584 5323 1670 5365 vero
1690 5310 1780 5365 ment

1080 5439 1184 5492 natus
1211 5438 1293 5509 post
1318 5437 1468 5508 quatuor
1494 5428 1599 5488 horas
1623 5425 1716 5487 inter
1737 5423 1780 5486 im
