4034 6262
779 508 822 517 -
866 470 991 534 LXIII
1035 508 1077 517 -

100 712 129 771 de
146 697 337 781 eloquentia.
381 695 501 778 Saepe
525 695 788 777 disputationes
810 696 1096 777 instituebantur,
1120 695 1156 759 in
1180 696 1310 778 quibus
1333 697 1498 778 discipuli
1521 698 1641 761 theses
1664 718 1794 781 propo-

103 849 162 908 sitas
181 835 416 902 defendebant
440 844 477 897 et
500 834 672 918 quidquid
700 845 823 899 contra
851 836 1051 917 dicebatur,
1079 835 1300 900 refellebant.
1347 835 1434 900 Cum
1465 836 1701 919 professores,
1734 838 1794 920 qui

104 985 265 1064 plerumque
291 994 340 1036 ex
369 974 626 1054 capitularibus
655 973 979 1038 Cremifanensibus
1010 985 1128 1058 erant,
1160 984 1324 1056 spectata
1355 984 1476 1038 essent
1505 975 1655 1039 scientia
1685 987 1793 1058 atque

105 1121 209 1197 uirtute,
228 1134 305 1177 mox
330 1112 467 1192 ubique
490 1112 642 1175 innotuit
665 1113 869 1175 academiae
893 1132 1038 1194 nomen,
1070 1124 1179 1193 atque
1210 1112 1311 1193 pueri
1342 1112 1480 1175 nobiles
1508 1133 1577 1176 non
1606 1115 1719 1177 solum
1748 1134 1795 1177 ex

10 1308 14 1317 .
108 1255 216 1319 ,lustria
235 1264 268 1316 et
288 1251 488 1335 Hungaria,
512 1253 577 1314 sed
601 1251 708 1315 etiarn
732 1272 752 1314 e
776 1251 977 1333 Germania,
995 1252 1156 1334 Francia,
1174 1251 1277 1314 Italia
1293 1251 1498 1332 frequentes
1514 1251 1794 1332 adveniebant1).

201 1392 234 1453 In
255 1390 436 1472 Bohemia,
462 1409 675 1471 quamquam
699 1391 794 1452 bello
818 1390 965 1472 triginta
993 1410 1164 1452 annorum
1191 1409 1350 1452 summae
1381 1399 1489 1471 atque
1519 1367 1796 1479 innumerabiles

10 1526 12 1531 ’
110 1529 281 1592 calamitates
305 1540 408 1592 erant
432 1541 613 1610 acceptae,
638 1539 757 1592 tamen
781 1529 1005 1591 Benedictini
1029 1527 1235 1592 monasterii
1260 1527 1539 1590 Braunaviensis
1567 1528 1709 1591 scholae
1734 1527 1796 1590 im-

10 1688 14 1749 j
110 1667 181 1749 pigre
195 1687 324 1749 operam
341 1669 487 1730 dabant.
519 1669 647 1731 Abbas
663 1668 788 1731 Benno
805 1668 1083 1730 Braunaviensis
1101 1669 1350 1749 (roal—1646),
1375 1687 1455 1731 cum
1472 1667 1580 1751 (1624)
1597 1667 1797 1750 aperuisset

112 1806 227 1869 scholam
247 1809 392 1870 duarum
417 1807 594 1889 classium,
623 1828 694 1888 quo
717 1795 838 1904 plures
860 1808 1086 1870 traderentur
1108 1818 1213 1889 artes,
1242 1805 1361 1869 David
1385 1804 1580 1889 Georgium
1604 1805 1797 1869 Cornerum

112 1940 406 2027 Hirschbergensem
431 1947 463 2028 (e
487 1944 638 2026 Silesia),
664 1904 730 2027 qui¹
745 1915 844 2008 libris
868 1945 972 2007 editis
1001 1965 1167 2028 magnam
1194 1945 1335 2008 laudem
1363 1945 1556 2007 adsecutus
1583 1955 1661 2007 erat
1689 1954 1797 2026 atquc
1858 2014 1861 2020 ,

14 2132 18 2139 .
112 2081 244 2158 posterius
264 2085 377 2146 abbas
400 2083 605 2147 monasterii
630 2081 874 2146 Gottuicensis
897 2082 1015 2145 factus
1039 2093 1103 2164 est,
1133 2083 1357 2164 eloquentiae
1390 2085 1571 2146 doctorem
1600 2083 1796 2146 arcessivit.

14 2306 17 2315 Ι
112 2213 205 2280 Paucis
223 2221 318 2284 annis
341 2231 425 2302 post
449 2222 592 2285 scholae
617 2223 706 2284 duas
729 2221 862 2285 adiecit
885 2224 1019 2285 classes
1044 2232 1152 2305 atque
1176 2222 1313 2285 clericis
1336 2222 1540 2285 monasterii
1569 2223 1623 2285 sui
1655 2242 1797 2286 cursum

112 2352 345 2440 philosophicum
369 2359 532 2441 instituit,
557 2361 602 2423 ad
627 2380 731 2442 quem
755 2361 862 2423 etiarn
886 2362 1134 2425 adolescentes
1156 2361 1238 2424 laici
1261 2362 1551 2426 admittebantur.
1584 2360 1672 2425 Cum
1695 2360 1796 2423 multi

111 2491 169 2553 anni
186 2498 393 2560 transiissent
408 2498 506 2579 pleni
520 2499 751 2562 vexationum
767 2501 853 2562 belli
869 2500 1080 2581 calamitosi,
1103 2499 1365 2563 funestissimus
1388 2500 1522 2584 ingruit
1544 2520 1657 2562 annus
1675 2500 1796 2581 (1647),

15 2624 21 2656 ³
111 2646 159 2705 quo
182 2647 306 2713 praeter
336 2639 470 2701 bellum
502 2649 538 2702 et
568 2638 807 2720 pestilentiam
841 2639 949 2702 tertia
983 2639 1150 2721 apparuit
1182 2639 1256 2701 irae
1291 2640 1458 2702 coelestis
1492 2639 1637 2719 nuncia,
1672 2639 1796 2702 fames.

111 2761 215 2836 Fratres
233 2777 528 2860 BraunavienseS,
553 2778 613 2859 qui
636 2798 749 2861 usque
774 2780 820 2840 ad
843 2779 936 2841 hunc
960 2799 1090 2841 annum
1114 2778 1211 2841 varie
1234 2765 1362 2861 agitati
1391 2778 1477 2841 nihil
1504 2779 1724 2841 remisissent
1753 2780 1798 2840 de

13 2934 20 2992 ς,
110 2899 245 2995 industria,
267 2926 305 2979 ut
327 2917 439 2979 vitam
462 2927 713 2998 sustentarent,
737 2918 771 2980 in
794 2918 1009 2980 monasteria
1033 2918 1282 2998 Blevnovium,
1306 2918 1552 3000 Raigradium,
1577 2940 1604 2982 s.
1619 2917 1797 2999 Procopii,

107 3055 125 3100 ⁸·
145 3044 261 3118 Ioannis
292 3057 539 3140 confugerunt.
586 3058 682 3120 Pace
709 3058 958 3139 Westphalica
989 3059 1098 3140 (1648)
1132 3057 1334 3139 constituta,
1363 3059 1485 3120 schola
1508 3057 1797 3138 Braunaviensis,

10 3222 14 3249 ;
105 3193 170 3253 luae
193 3195 289 3273 plane
321 3206 544 3278 cessaverat,
580 3198 698 3259 denuo
733 3196 891 3259 excitata
925 3215 1008 3258 mox
1038 3216 1169 3278 magna
1202 3197 1307 3258 laude
1342 3195 1496 3258 effloruit
1530 3215 1595 3278 per
1629 3198 1798 3259 abbatem

10 3350 12 3355 ·
100 3312 303 3404 Allgustinum
329 3336 581 3418 (1652-1063),
606 3337 666 3418 qui
682 3355 753 3399 non
769 3337 882 3398 solum
906 3354 926 3397 e
950 3335 1159 3397 Iesuitarum
1183 3335 1313 3399 scholis
1335 3335 1509 3398 rationem
1533 3336 1729 3398 studiorum
1754 3355 1798 3399 eo

96 3455 224 3544 tenlpore
246 3474 373 3536 merito
397 3477 613 3538 celebratam
636 3475 812 3555 assumsit,
844 3476 909 3537 sed
937 3475 1044 3536 etiam
1075 3475 1265 3537 monachos
1296 3494 1380 3537 suos
1410 3476 1455 3536 ad
1487 3476 1638 3538 docendi
1670 3495 1798 3537 munus

89 3581 301 3676 instituendos
324 3612 469 3676 Iesuitis
492 3612 648 3676 tradidit.
694 3612 890 3695 Augustini
914 3622 950 3675 et
973 3612 1141 3693 Thomae,
1173 3613 1232 3694 qui
1261 3612 1312 3674 illi
1339 3612 1513 3676 successit
1545 3614 1798 3695 (roos—1700),

80 3734 193 3812 studiis
213 3751 347 3815 facturn
372 3762 438 3834 est,
462 3763 501 3815 ut
524 3771 649 3814 cursus
672 3752 941 3833 philosophicus
966 3761 1144 3815 cresceret
1171 3753 1207 3814 in
1235 3752 1364 3815 iustam
1388 3753 1545 3814 scholam
1577 3761 1613 3814 et
1644 3752 1799 3832 philoso-

72 3864 173 3949 phiae
195 3898 230 3952 et
248 3891 452 3974 theologiae
469 3893 649 3954 doctrinas
666 3893 973 3973 complectentem.
1006 3890 1192 3974 Gymnasii
1208 3890 1427 3973 disciplinae,
1444 3892 1489 3954 de
1507 3892 1634 3973 quibus
1650 3891 1798 3953 multum

67 4010 110 4063 ‘³³
133 4028 407 4108 amplificatione
432 4031 630 4092 detractum
655 4039 740 4110 erat,
765 4028 800 4091 in
821 4029 1007 4111 pristinum
1023 4030 1209 4092 restitutae
1227 4039 1309 4092 sunt
1324 4049 1390 4111 per
1405 4033 1572 4092 abbatem
1592 4030 1798 4091 Bennonem

59 4124 249 4227 [fihelium
268 4167 519 4249 (1738-1751),
544 4167 604 4249 qui
625 4169 729 4230 bellis
746 4167 999 4232 Silesiensibus
1015 4169 1228 4231 monasterio
1245 4168 1503 4239 Braunaviensi
1521 4165 1800 4231 damnosissimis

55 4287 137 4356 ¹¹⁰ss
163 4309 369 4383 perterritus
392 4307 664 4389 nec‘impensae
689 4327 754 4370 nec
777 4307 890 4370 labori
918 4307 1080 4389 pepercit
1094 4310 1129 4388 ²).
1175 4308 1272 4370 Idem
1304 4307 1432 4370 comite
1461 4307 1627 4389 Philippo
1655 4307 1800 4390 Kinsky

50 4424 239 4506 suadente
271 4456 381 4528 atque
407 4446 523 4509 Maria
547 4447 717 4511 Therasia
748 4447 974 4528 imperatrice
1004 4456 1151 4528 optante
1183 4446 1456 4528 pulcherrimum
1488 4447 1583 4529 cepit
1614 4447 1800 4510 consilium

51 4566 273 4645 Condendae
296 4582 331 4645 in
355 4585 444 4646 urbe
460 4584 579 4666 Praga
595 4585 800 4648 academiae
816 4604 1005 4666 puerorum
1021 4584 1199 4665 nobilium,
1217 4585 1272 4645 cui
1289 4593 1451 4664 sumptus
1475 4605 1494 4647 e
1519 4585 1799 4667 congregatione

52 4683 300 4782 Benedictina
324 4721 753 4786 Bohemico-Moraviensi
777 4725 1034 4805 praeberentur
1058 4733 1165 4803 atque
1186 4720 1409 4801 professores
1434 4742 1480 4784 ex
1504 4724 1628 4785 eadem
1653 4742 1801 4804 congre·

56 4849 215 4918 &afflone
239 4860 472 4923 mitterentur.
519 4860 623 4941 Quod
647 4882 692 4924 ne
715 4860 835 4942 fieret,
868 4862 980 4924 altera
1003 4859 1194 4923 Borussica
1224 4856 1425 4920 incursione
1456 4860 1664 4945 impeditum
1697 4871 1752 4922 est
1766 4870 1800 4938 ³).

60 4975 377 5017 K„—

207 5094 224 5170 ¹)
246 5097 332 5172 Hagn
357 5098 375 5153 l.
400 5116 426 5153 c.

208 5206 225 5284 ²)
246 5211 453 5277 Matauschek,
478 5212 663 5268 Geschichtc
687 5213 741 5269 des
766 5213 980 5288 Gymnasiums
1004 5214 1151 5269 Braunau.

208 5315 227 5395 ³)
246 5322 349 5380 Abbas
373 5324 486 5390 Benna
511 5339 543 5380 ut
567 5328 757 5401 propositum
776 5339 1002 5400 exsequeretur,
1027 5318 1238 5398 Magnoaldum
1255 5315 1457 5391 Ziegelbauer
1481 5319 1630 5400 (†1750),
1654 5322 1749 5376 virum
1766 5321 1803 5376 de

87 5413 177 5476 ‘ebus
199 5434 299 5492 ordinis
323 5435 491 5493 scribendis
514 5439 750 5505 meritissimum,
784 5458 800 5495 c
830 5438 1019 5495 Zwiefaltern
1048 5433 1207 5493 advocavit
1238 5431 1267 5484 in
1299 5435 1513 5491 m0ssasterium
1546 5455 1569 5491 s·
1593 5434 1804 5506 Margarethae
