4034 6262
882 425 1258 534 '-mw-

248 700 375 785 (Kyrie
399 700 543 781 eleison)
568 699 793 781 conscripsit,
823 697 1037 781 „gleichsam
1060 699 1112 760 als
1133 697 1396 780 Vorbereitung
1418 696 1474 759 fiir
1497 699 1566 760 den
1589 697 1743 780 Kampf,
1765 721 1803 762 zu
1823 703 1892 763 dem
1917 717 1946 759 er

247 840 322 904 sich
344 839 544 924 gegiirtet“,
568 850 608 902 ut
631 839 680 902 ait
699 840 760 901 Dr.
776 837 878 900 Beda
893 837 1024 919 Duum,
1049 836 1182 899 ordinis
1205 837 1338 899 sodalis
1362 845 1397 899 et
1420 856 1536 899 rerum
1560 848 1741 920 gestarum
1764 840 1950 922 explicator.

247 980 399 1043 Ioannes
422 978 515 1041 enim
539 979 584 1041 ad
607 978 653 1059 id,
678 979 771 1058 quod
795 976 918 1040 Hussii
940 977 1123 1039 asseculae
1143 976 1468 1059 interrogaverant:
1499 976 1648 1058 „Utrum
1680 978 1774 1040 credi
1796 978 1895 1060 possit
1929 972 1957 1032 in

249 1116 428 1200 Papam?“
453 1117 526 1180 acri
550 1137 628 1180 cum
652 1116 794 1199 ingenio
818 1125 854 1179 et
878 1135 1008 1198 magna
1031 1115 1230 1178 eruditione
1253 1115 1448 1198 respondit.

377 1261 574 1342 Propterea
604 1258 649 1318 ad
682 1255 865 1319 concilium
889 1254 1160 1318 Constantiense
1190 1256 1318 1318 missus
1348 1255 1523 1337 intrepide
1554 1254 1763 1338 fortiterque
1794 1277 1857 1318 una
1883 1264 1968 1319 cum

249 1401 328 1464 aliis
352 1396 535 1463 catholicis
557 1395 732 1478 theologis
764 1413 809 1456 ex
837 1394 1008 1457 Bohemia
1036 1393 1217 1457 arcessitis
1243 1394 1365 1457 Hussii
1396 1394 1621 1475 opinionibus
1651 1395 1790 1458 restitit.
1833 1395 1898 1477 Qua
1934 1402 1973 1448 1e

249 1540 420 1604 Hussitae
444 1535 637 1600 ulciscendi
667 1534 863 1616 cupiditate
893 1533 1029 1596 incensi
1058 1533 1310 1595 monasterium
1342 1534 1418 1597 eius
1449 1532 1722 1616 conflagrarunt.
1767 1536 1901 1598 Ioannes
1947 1522 1980 1585 in

250 1676 500 1742 monasterium
522 1673 785 1756 Raigradiense
809 1671 934 1756 effugit
956 1672 1076 1754 ibique
1097 1678 1177 1752 1436
1192 1685 1351 1736 mortuus
1373 1683 1436 1737 est.
1468 1673 1524 1736 Ex
1547 1674 1690 1756 scriptis
1714 1674 1790 1737 eius
1813 1670 1983 1737 exstant:

254 1817 462 1902 „Sermones
486 1817 531 1877 de
554 1813 719 1876 laudibus
735 1813 776 1875 B.
792 1812 842 1876 M.
859 1811 923 1874 Vf‘
948 1823 984 1876 et
1008 1822 1201 1897 „tractatus
1224 1815 1269 1875 de
1293 1812 1526 1895 popularibus
1542 1813 1862 1892 consuetudinibus,
1877 1821 1985 1894 quae

253 1955 482 2019 communiter
504 1954 738 2015 observantur
767 1951 802 2014 in
833 1951 926 2014 festo
957 1952 1125 2015 navitatis
1152 1952 1294 2015 Domini
1323 1952 1442 2015 Nostri
1472 1952 1553 2016 Iesu
1585 1951 1734 2016 Christi“
1752 1954 1785 2035 ¹).
1829 1953 1988 2014 Praeter

252 2098 418 2160 Ioannem
441 2093 639 2178 praestanti
662 2093 823 2156 doctrina
845 2093 881 2156 in
904 2103 1047 2157 vetusto
1075 2094 1289 2157 monasterio
1313 2092 1580 2173 Biennoviensi,
1605 2104 1796 2173 antequam
1818 2094 1934 2153 destru
1944 2099 1987 2142 6·

251 2246 356 2315 retur,
384 2235 586 2298 enituerunt
609 2232 773 2294 Andreas
796 2232 1025 2295 Trebonaeus
1057 2245 1093 2295 et
1123 2233 1212 2295 Ales
1236 2233 1431 2315 (Albertus)
1459 2231 1621 2295 monachi
1636 2232 1670 2313 ²).
1711 2231 1837 2293 Diruta
1864 2221 1988 2293 archi·

251 2374 396 2437 abbatia
413 2374 520 2456 (1420)
536 2374 559 2452 ³)
583 2371 725 2434 Marcus
745 2375 823 2449 1433
850 2380 1059 2455 „tractatum
1080 2373 1125 2435 de
1141 2372 1371 2435 sacramentis
1395 2391 1474 2434 cum
1498 2370 1671 2452 exemplis
1696 2379 1731 2433 et
1755 2369 1987 2432 naturalibus

251 2513 372 2597 figuris
395 2521 503 2593 atque
527 2510 753 2595 dogmatibus
776 2509 1085 2592 philosophorum“
1111 2519 1147 2573 et
1162 2511 1394 2573 Wenzeslaus
1419 2511 1463 2572 de
1488 2509 1682 2572 Chwaletic
1705 2508 1740 2571 in
1763 2499 1993 2570 monaster-io

251 2651 521 2735 Raigradiensi‚
557 2669 626 2733 quo
661 2648 851 2732 effugerat,
888 2660 1098 2731 „tractatum
1132 2651 1177 2712 de
1209 2650 1375 2731 passione
1407 2659 1442 2712 et
1473 2649 1733 2711 resurrectione
1763 2650 1807 2711 D.
1830 2650 1869 2711 N.
1889 2649 1999 2711 lesu

253 2790 401 2854 Christi“
427 2789 538 2852 edidit
551 2791 585 2869 4).

380 2928 596 3010 Diligentem
621 2947 739 2991 curam
762 2929 797 2990 in
821 2927 1085 3009 disciplinarum
1113 2928 1391 3010 theologicarum
1422 2928 1625 3010 cognitione
1657 2928 1765 2990 etiam
1795 2927 1830 2991 in
1859 2912 2011 2989 multis

253 3067 458 3150 Hungariae
481 3066 703 3129 monasteriis
725 3067 916 3150 praecipue
940 3068 975 3129 in
998 3067 1243 3130 archiabbatia
1259 3068 1392 3130 Montis
1407 3068 1612 3131 Pannoniae
1636 3068 1791 3150 positam
1815 3086 1889 3130 esse
1903 3065 2011 3143 nos

253 3215 307 3268 est
331 3206 424 3287 quod
447 3225 665 3286 moneamus,
696 3206 834 3268 etiamsi
862 3218 1008 3289 propter
1030 3207 1159 3270 multas
1183 3207 1496 3287 depopulationeS,
1529 3206 1658 3287 quibus
1690 3216 1744 3270 tot
1772 3203 2011 3289 Hungariat

252 3344 465 3407 monasteria
489 3364 679 3426 eorumque
701 3345 939 3407 bibliothecae
963 3345 1182 3428 conflagrata
1206 3358 1301 3425 sunt,
1326 3345 1537 3427 scriptorum
1560 3344 1702 3408 nomina
1726 3346 1882 3427 proferre
1902 3343 2011 3406 κισ]

252 3502 448 3565 possumus.
491 3483 611 3565 Atque
634 3485 669 3546 in
693 3485 863 3547 Poloniae
887 3484 1110 3548 monasteriis
1134 3495 1169 3546 et
1192 3485 1384 3567 praecipue
1408 3484 1596 3565 Tinicensi,
1621 3504 1700 3547 cum
1724 3486 1854 3548 multos
1875 3485 1907 3545 in
1927 3487 2011 3539 ὃ

251 3621 391 3684 venisse
418 3621 446 3683 F
449 3622 705 3706 rancogallicos
736 3624 927 3686 monachos
959 3626 1104 3686 annales
1134 3625 1306 3705 referant,
1342 3625 1470 3705 quibus
1504 3625 1609 3686 etiam
1643 3634 1718 3688 tum
1753 3644 1832 3688 cum
1861 3643 1956 3687 mon
1993 3624 2011 3666 ³

251 3761 366 3824 steriis
382 3761 507 3842 patriis
522 3763 749 3826 necessitudo
765 3772 802 3826 et
818 3763 1064 3826 commercium
1081 3764 1335 3844 intercedebat,
1360 3763 1565 3844 disciplinas
1581 3764 1805 3846 theologicas
1821 3763 1934 3826 floruis
1979 3764 2011 3806 ἒ·

252 3900 453 3974 conicimus.

377 4040 525 4103 Praeter
548 4041 702 4103 studium
726 4041 991 4123 disciplinarum
1014 4042 1296 4124 theologicarum
1318 4042 1380 4105 filii
1403 4063 1430 4106 s.
1447 4044 1634 4107 Benedicti
1658 4045 1728 4107 iam
1746 4046 1807 4108 diu
1824 4047 1857 4108 in
1873 4046 1929 4108 reb
2005 4046 2011 4055 ‘

249 4178 361 4258 gestis
377 4179 599 4260 explicandis
616 4200 736 4243 curam
752 4192 788 4243 et
804 4180 1025 4263 diligentiam
1041 4182 1259 4245 adhibebant
1268 4183 1302 4263 ⁵),
1321 4192 1356 4245 et
1369 4182 1429 4264 qui
1446 4194 1546 4245 erant
1562 4183 1597 4245 in
1614 4183 1764 4266 imperio
1778 4184 2011 4248 Austriad

250 4333 318 4376 non
341 4320 602 4400 superabantur
625 4339 646 4380 a
668 4318 837 4382 fratribus
861 4318 896 4380 in
920 4320 1048 4382 ceteris
1072 4320 1235 4401 Europae
1268 4322 1403 4403 regnis,
1436 4323 1500 4383 sed
1529 4323 1743 4406 „magistrae
1766 4323 1881 4386 vitae“
1907 4342 1927 4402 p
1995 4344 2007 4353 ·

249 4452 382 4515 viribus
406 4475 445 4516 se
469 4458 666 4520 tradebant.
698 4458 897 4541 Praecipue
921 4459 1000 4521 huic
1024 4459 1140 4522 studio
1165 4461 1356 4523 certamina
1373 4462 1514 4524 saeculo
1531 4463 1597 4524 XI.
1622 4461 1715 4526 inter
1731 4463 2011 4545 imperator&

253 4627 556 4641 *ᾕ-

380 4732 399 4811 ¹)
423 4736 533 4803 Dudik‚
558 4737 691 4810 Raigern
714 4738 732 4793 l.
758 4758 783 4794 c.
809 4741 830 4793 Ι.

379 4847 399 4924 2)
425 4849 525 4904 Dudr'k
548 4850 567 4905 l.
592 4869 618 4907 c.
644 4852 665 4907 l.

374 4959 396 5037 3)
421 4962 494 5017 Cum
519 4965 712 5030 monasterio
737 4963 819 5037 quod
843 4981 897 5038 per
915 4979 973 5036 295
1000 4984 1094 5020 annos
1118 4966 1268 5022 desertum
1292 4983 1365 5034 crat,
1391 4970 1478 5023 etiam
1495 4967 1679 5024 bibliotheca
1696 4970 1796 5026 deleta
1812 4985 1865 5028 est.
1895 4970 1920 5024 H
1987 5005 2000 5009 *-

250 5086 307 5123 non
330 5074 443 5139 mirum,
468 5076 492 5128 si
517 5087 576 5129 tam
599 5095 696 5150 pauca
720 5076 824 5131 horum
848 5076 1059 5131 monachorum
1085 5093 1275 5136 monumenta
1298 5082 1335 5137 ad
1359 5094 1490 5136 nostram
1514 5096 1717 5156 pervenerunt
1741 5087 1915 5140 memoriam.

376 5182 397 5261 i)
422 5186 524 5240 omn
546 5187 564 5241 ι.
591 5207 616 5242 c.
642 5189 663 5243 1.

375 5294 396 5371 5)
421 5298 453 5350 ln
478 5312 562 5371 parte
586 5299 729 5356 historica
757 5302 912 5375 posuimus
941 5318 1000 5355 non
1031 5301 1127 5357 solum
1156 5302 1309 5362 historiam
1339 5325 1436 5361 rerum
1461 5325 1478 5360 a
1502 5308 1620 5381 populis
1644 5322 1798 5381 gestarum
1823 5321 1851 5364 et
1873 5313 2011 5362 mi?

250 5408 416 5474 steriorum,
442 5408 494 5462 sed
519 5412 606 5464 etiam
629 5412 713 5466 Vitas
737 5425 766 5466 et
790 5410 951 5484 Legendas
976 5426 1005 5467 et
1029 5413 1257 5471 dissertationes
1281 5420 1318 5473 ad
1342 5419 1496 5474 historiam
1521 5438 1636 5475 sacram
1660 5435 1841 5496 spectantes.
