4088 6270
681 511 962 582 ..235-

139 693 314 776 [ceptione
326 695 492 778 admissa,
505 696 777 777 sumptibusque

139 837 202 880 ’6111
224 816 478 899 perficiendam
502 818 777 900 generosissime

152 960 275 1003 mense
287 940 376 1003 Iulio
393 944 474 1002 1860
490 942 605 1003 adhuc
622 940 777 1003 novitius

139 1062 276 1144 :ollegis
297 1063 370 1124 suis
392 1083 542 1125 examen
563 1063 777 1125 maturitatis

139 1185 255 1265 subiit,
275 1183 375 1247 finito
396 1204 481 1247 vero
503 1183 677 1247 novitiatu
694 1185 777 1247 viva

139 1327 169 1369 16
187 1306 363 1369 eminente
381 1326 460 1369 cum
477 1326 645 1369 successu
661 1306 778 1369 absol-

139 1432 265 1490 161861
279 1430 325 1490 ad
336 1433 414 1491 1863
422 1429 564 1491 Β1111166
574 1427 777 1510 theologiae

139 1550 231 1613 blice
248 1570 393 1632 operam
407 1551 506 1613 dedit
521 1561 558 1613 et
574 1554 654 1627 1864
672 1570 776 1631 quar-

149 1673 342 1754 theologici
352 1693 492 1735 cursum
501 1672 704 1753 theologiae
715 1692 777 1753 pa-

139 1793 243 1856 ’ivato
258 1794 551 1857 studioabsolvit.
569 1793 637 1856 Die
650 1797 678 1856 5.
689 1794 775 1874 Apr.

138 1934 218 1977 uem
247 1915 340 1977 diem
365 1918 490 1977 eodem
515 1936 607 1977 anno
630 1916 778 1997 propter

139 2057 147 2099 1
159 2037 342 2119 paschatis
355 2036 486 2100 festum
499 2057 525 2100 s.
535 2036 576 2101 P.
590 2036 777 2099 Benedicti

139 2179 156 2221 11
188 2169 279 2240 6161,
311 2169 396 2221 vota
432 2159 615 2221 sollemnia
651 2159 776 2221 emisit.

139 2289 252 2344 1161116
269 2291 416 2363 propter
435 2291 600 2362 aetatem,
620 2302 699 2343 cum
716 2281 778 2342 vix

139 2424 177 2466 ,m
198 2413 309 2484 esset,
335 2403 564 2466 concessione
584 2402 778 2484 pontificali

139 2544 153 2587 e
177 2547 206 2602 4.
222 2525 297 2588 Iun.
315 2525 457 2588 Brunae
474 2525 509 2586 in
526 2528 615 2587 aede
633 2544 776 2587 sacras

151 2648 198 2708 ab
220 2646 390 2729 episcopo
412 2647 540 2710 comite
564 2649 609 2708 de
631 2645 777 2710 Schaaf-

139 2771 285 2831 acerdos
306 2780 535 2831 consecratus
559 2779 622 2849 est,
648 2780 684 2830 et
708 2768 778 2849 pri·

139 2910 166 2952 :o
188 2910 233 2953 ss.
252 2891 492 2971 apostolorum
508 2891 607 2952 Petri
623 2899 659 2953 et
674 2890 778 2952 Pauli

139 3035 145 3075 ι
164 3014 255 3074 aede
276 3032 302 3074 s.
320 3013 524 3074 monasterii
540 3012 777 3095 Raigradien·

139 3163 142 3187 ·
164 3135 287 3216 populi
312 3144 492 3197 conventu
514 3114 777 3217 praesentibus-

139 3256 250 3318 1tibus
278 3258 553 3339 consanguineis
587 3258 777 3339 multisque

139 3376 338 3440 :elebravit
368 3378 524 3460 Tempus
554 3379 636 3441 inde
663 3398 776 3460 usque

139 3520 161 3561 n
174 3519 295 3562 mense
309 3498 408 3580 Sept.
427 3504 506 3579 1864
525 3501 775 3563 iurisdictionis

161 3622 314 3684 maxime
346 3622 382 3683 in
414 3623 583 3685 comitatu
616 3623 775 3704 episcopi

147 3792 156 3825 ,
189 3743 396 3806 dioeceseos
427 3754 566 3826 partem
598 3745 774 3807 visitantis

150 3877 300 3946 accepto
322 3865 424 3928 simul
444 3868 623 3948 mandato,
648 3877 687 3960 ut
710 3888 774 3949 pro

139 4007 171 4049 15
194 3987 353 4049 dicendis
375 3988 481 4050 etiam
503 3989 537 4051 in
560 3989 691 4051 slavica
712 3990 773 4051 lin·

138 4117 266 4189 eretur,
288 4109 398 4189 6111115,
421 4130 491 4191 qua
507 4119 611 4172 natus
629 4109 774 4172 Germa-

139 4250 209 4293 rem
231 4231 355 4293 habuit
377 4232 625 4313 cognitionem.
650 4233 775 4295 Mense

139 4357 189 4432 364
202 4353 502 4436 bibliothecarius
520 4357 658 4417 duobus
675 4357 775 4418 annis

139 4495 150 4537 1
167 4476 385 4538 archivarius
403 4486 437 4538 et
459 4482 539 4555 1870
556 4477 702 4559 insuper
718 4499 776 4540 eu-

139 4597 143 4657 i
156 4597 394 4679 physiologici
405 4599 614 4681 designatus
624 4609 688 4663 est.
698 4601 776 4662 Mu-

139 4719 308 4781 othecarii
331 4719 400 4780 iam
426 4724 460 4781 15
480 4740 591 4782 annos
611 4720 775 4803 fungens,

139 4861 157 4902 n
178 4859 244 4921 per
260 4861 380 4903 eorum
398 4843 595 4922 decursum,
616 4862 776 4924 praeser-

138 4961 249 5023 riores
272 4968 305 5024 13
325 4983 446 5043 6111165,
472 4964 540 5025 huc
564 4973 672 5046 atque
696 4965 775 5025 illuc

142 5103 182 5146 os
204 5083 239 5145 in
262 5084 372 5146 sacris
389 5083 515 5147 officiis
536 5087 775 5149 sublevandos

139 5213 240 5267 enter
255 5205 471 5287 mittebatur,
492 5217 531 5268 ut
547 5207 582 5269 in
600 5210 775 5270 decanatu

139 5327 182 5389 151
207 5337 243 5388 61
267 5326 510 5390 Seelovicensi
532 5349 587 5392 ex.
604 5350 656 5411 gr.
681 5330 775 5391 haud

139 5449 227 5512 enias
244 5451 459 5531 parochiam,
484 5451 518 5512 in
537 5470 606 5531 qua
623 5471 690 5513 non
713 5451 774 5512 ali-

858 707 992 777 quanto
1016 706 1175 779 tempore
1192 697 1389 760 subsidium
1406 698 1441 761 in
1458 700 1564 761 rebus
1581 698 1691 778 sacris

857 818 1073 900 peragendis
1083 818 1312 900 praestiterit,
1321 830 1441 882 tamen
1451 819 1485 881 in
1496 819 1690 881 domestico

857 958 1001 1002 munere
1018 959 1082 1002 suo
1095 938 1180 1001 nihil
1192 941 1387 1022 neglegens
1404 950 1477 1003 tam
1490 949 1690 1023 opportune

856 1072 1017 1144 tempore
1034 1080 1118 1124 usus
1135 1071 1199 1142 est,
1222 1072 1261 1125 ut
1277 1081 1347 1124 non
1364 1063 1476 1125 solum
1493 1061 1690 1125 diversissi-

857 1199 934 1245 mos
958 1184 1142 1265 catalogos
1170 1185 1215 1245 ad
1240 1193 1401 1265 optatum
1427 1183 1534 1247 finem
1561 1184 1689 1267 perdu-

858 1315 965 1386 ceret,
983 1306 1045 1367 sed
1063 1305 1170 1368 etiarn
1186 1305 1439 1368 bibliothecam
1463 1325 1505 1368 eo
1530 1314 1689 1387 tempore

858 1429 950 1491 ultra
974 1428 1119 1508 duplum
1141 1438 1282 1490 auctam
1299 1428 1438 1490 videret
1458 1447 1571 1510 usque
1588 1428 1688 1508 ade0,

858 1561 898 1613 ut
914 1550 1013 1614 initio
1031 1550 1114 1613 anni
1132 1555 1210 1629 1879
1224 1551 1432 1632 complexus
1448 1570 1565 1612 rerum
1582 1560 1689 1631 atque

858 1693 1005 1755 operum
1023 1673 1068 1735 ad
1084 1672 1338 1735 bibliothecam
1354 1672 1607 1753 pertinentium
1627 1692 1689 1734 nu·

857 1814 992 1858 merum
1016 1798 1122 1873 §3718
1147 1794 1342 1857 exhiberet.
1374 1794 1485 1856 Porro
1510 1813 1595 1872 9000
1618 1813 1689 1854 am-

858 1918 950 1999 plius
971 1917 1139 1979 librorum
1156 1916 1445 1998 consignationes
1466 1916 1621 1978 maxima
1643 1936 1688 1978 ex

858 2049 960 2121 parte
973 2041 1019 2101 ab
1032 2059 1075 2101 eo
1088 2039 1220 2112 factae;
1234 2039 1420 2121 catalogus
1432 2039 1689 2120 manuscripto-

857 2182 943 2244 rum,
962 2161 1135 2224 exhibens
1148 2181 1330 2223 numerum
1344 2165 1416 2243 820,
1435 2162 1621 2244 catalogus
1637 2161 1688 2223 in-

859 2284 1113 2345 cunabulorum
1138 2302 1217 2344 cum
1240 2303 1302 2362 900
1323 2283 1437 2364 tomis,
1463 2283 1509 2344 ad
1530 2302 1688 2344 normam

859 2405 1071 2487 optimorum
1089 2405 1333 2486 exemplorum
1351 2415 1387 2467 et
1402 2404 1596 2466 secundum
1609 2423 1688 2466 sen-

859 2526 1007 2589 tentiam
1032 2537 1140 2607 atque
1165 2525 1339 2606 peritiam,
1368 2546 1414 2588 ex
1438 2526 1687 2588 observatione

857 2649 1151 2712 bibliothecarum
1168 2645 1391 2729 Germaniae,
1406 2647 1686 2730 Francogalliae,

858 2770 983 2834 Italiae
1000 2780 1107 2851 atque
1123 2770 1314 2832 Helvetiae
1326 2770 1567 2833 recentissime
1583 2770 1685 2832 itine-

857 2892 955 2953 ribus
976 2891 1201 2973 adquisitam,
1223 2893 1454 2954 adumbratus
1478 2902 1585 2974 atque
1607 2911 1686 2973 per-

857 3013 973 3076 fectus
1001 3022 1074 3087 est;
1102 3014 1171 3075 huc
1199 3013 1338 3076 aceedit
1366 3013 1472 3075 etiam
1500 3014 1686 3095 catalogus

858 3143 1062 3198 cunctorum
1084 3139 1187 3211 16866
1201 3135 1369 3197 librorum
1382 3154 1445 3196 seu
1462 3154 1608 3216 operum
1625 3134 1686 3196 mi-

857 3277 996 3337 norum,
1028 3257 1103 3319 sive
1132 3256 1228 3318 duris
1256 3257 1431 3338 operculis
1460 3266 1686 3320 consutorum

858 3379 1104 3460 (Broschiiren)
1145 3377 1229 3440 item
1265 3379 1450 3460 catalogus
1487 3380 1686 3441 tabularum

857 3501 1191 3584 geographicarum,
1216 3521 1398 3563 numerum
1424 3504 1487 3562 880
1511 3500 1686 3580 complec-

856 3633 946 3686 tens.
969 3623 1119 3685 Praeter
1134 3623 1224 3686 haec
1240 3623 1385 3705 negotia
1401 3622 1548 3684 Maurus
1564 3621 1686 3684 etiam-

856 3755 930 3808 tum
947 3756 1073 3807 nactus
1096 3753 1151 3807 est
1172 3754 1309 3807 tantum
1326 3744 1506 3826 temporis,
1530 3753 1570 3805 ut
1593 3763 1685 3805 anno

860 3871 939 3945 1874
950 3886 1100 3930 examen
1114 3869 1320 3930 concursale
1332 3887 1397 3950 pro
1406 3866 1574 3949 parochia
1583 3885 1685 3947 prae-

855 3988 1026 4069 scriptum
1047 3989 1165 4052 subire
1183 4001 1218 4052 et
1234 3990 1414 4072 pergratis
1431 3988 1498 4050 sibi
1515 3987 1684 4050 historiae

856 4119 892 4172 et
908 4110 1123 4193 philologiae
1140 4112 1267 4174 studiis
1283 4111 1478 4193 indulgere,
1499 4110 1535 4172 in
1555 4109 1685 4190 linguis

855 4232 1040 4312 Romanis,
1057 4233 1126 4294 iam
1143 4233 1178 4294 in
1194 4231 1381 4314 gymnasio
1398 4231 1535 4293 addisci
1549 4230 1685 4311 coeptis

856 4353 1016 4415 exerceri
1032 4363 1156 4436 posset
1172 4364 1280 4434 atque
1293 4352 1387 4415 omni
1402 4352 1523 4415 debita
1536 4351 1685 4434 diligen-

856 4475 905 4537 tia
922 4474 1029 4538 etiam
1045 4493 1102 4537 res
1119 4476 1164 4536 ad
1181 4473 1363 4536 archivum
1379 4482 1585 4554 spectantes
1606 4492 1686 4553 per-

856 4606 1041 4678 tractaret,
1073 4598 1168 4678 quod
1201 4596 1258 4658 ille
1286 4595 1428 4677 penitus
1455 4595 1686 4678 perlustravit

856 4720 1000 4800 suisque
1013 4718 1195 4780 laboribus
1203 4719 1511 4781 adcommodatum
1520 4717 1684 4779 reddidit.

856 4842 1003 4904 Maurus
1011 4841 1143 4903 Kinter
1156 4841 1237 4904 inde
1251 4842 1296 4903 ab
1310 4861 1402 4903 anno
1417 4844 1495 4902 1865
1510 4849 1566 4902 est
1579 4839 1684 4903 etiam

856 4964 1039 5026 societatis
1052 4963 1349 5046 stenographicae
1363 4963 1567 5044 Brunensis,
1579 4982 1684 5044 porro

856 5085 1024 5149 sectionis
1051 5085 1450 5148 historico-stetisticae
1478 5083 1684 5164 Brunensis,

856 5209 1038 5270 societatis
1057 5207 1334 5291 ,Giirresianae“
1352 5208 1397 5269 ad
1414 5206 1684 5289 propagandam

856 5330 1040 5393 scientiam
1057 5331 1267 5394 catholicam
1290 5341 1325 5392 et
1345 5328 1527 5392 societatis
1543 5329 1684 5390 oenolo·

855 5453 959 5534 gicae
975 5464 1011 5515 et
1026 5453 1273 5536 pomologicae
1289 5454 1493 5515 membrum.

1426 5558 1477 5618 30*
