4088 6270
855 513 896 524 —
942 477 1042 539 LVII
1086 514 1127 522 -—

155 707 381 788 ll'ilimovensi,
406 705 697 787 Postelbergensi
722 705 780 783 (ad
796 703 944 767 Sazawa
966 701 1119 783 flumen),
1137 700 1358 781 Trebicensi,
1374 699 1641 782 Raigradiensi,
1665 698 1744 761 aliis
1759 698 1857 780 locis,

156 846 244 909 statim
265 847 312 907 ab
335 845 475 927 origine
498 845 639 907 scholas
663 843 876 906 constitutas
901 862 991 907 esse.

254 983 302 1078 Ut
326 994 469 1046 ceterae
493 1001 625 1063 omnes,
649 981 699 1044 ita
722 997 758 1044 et
774 981 968 1044 Bohemiae
991 981 1134 1043 scholae
1158 979 1295 1042 divisae
1313 988 1415 1041 erant
1432 977 1466 1039 in
1482 979 1651 1057 internas,
1675 977 1857 1058 inquibus

159 1123 245 1187 clerici
265 1124 526 1203 educabantur,
558 1130 595 1184 et
626 1128 794 1192 externas
817 1121 875 1183 vel
902 1119 1030 1200 laicas,
1061 1118 1097 1181 in
1127 1118 1255 1200 quibus
1287 1116 1451 1180 monachi
1481 1135 1629 1199 pueros,
1663 1117 1857 1179 monachae

159 1263 263 1344 puellas
295 1261 506 1324 erudiebant
523 1263 556 1339 ι).
605 1258 831 1322 Clarissimae
866 1268 967 1321 erant
1001 1257 1172 1339 imprimis
1207 1266 1467 1338 postremorum
1498 1255 1787 1319 Plemislidarum
1823 1262 1859 1317 et

162 1399 482 1481 luxenburgensium
512 1408 631 1461 aetate
663 1399 785 1461 schola
817 1396 1094 1460 Brevnoviensis
1125 1406 1161 1459 et
1191 1394 1493 1469 Braunaviensis;
1529 1394 1622 1456 illius
1656 1394 1857 1474 complures

162 1550 378 1621 praeceptores
405 1548 513 1619 atque
542 1537 745 1619 theologiae
773 1539 937 1600 doctores
968 1536 1003 1598 in
1034 1535 1266 1598 universitate
1289 1534 1484 1597 Parisiensi
1512 1534 1709 1598 litterarum
1740 1532 1858 1595 studia

162 1680 325 1758 hauserant,
348 1677 384 1738 in
409 1677 538 1758 quibus
554 1686 631 1738 erat
648 1677 761 1738 abbas
776 1674 972 1756 Dionysius
988 1675 1265 1738 Braunaviensis
1283 1673 1572 1756 (1360-1366)²);
1596 1672 1700 1734 huius
1716 1672 1859 1735 scholae

162 1816 287 1878 alumnus
303 1824 381 1877 erat
398 1815 588 1878 Amestius
604 1812 891 1895 Pardubicensis,
908 1813 1042 1896 primus
1058 1813 1349 1894 archiepiscopus
1366 1811 1560 1894 Pragensis
1578 1811 1858 1893 (1343—1ioalt).

162 1954 261 2017 Maiore
290 1955 398 2017 etiam
427 1955 617 2035 splendore
648 1962 774 2015 auctae
802 1961 885 2015 sunt
907 1952 1101 2015 Bohemiae
1125 1953 1285 2033 scholae,
1317 1971 1397 2014 cum
1419 1972 1441 2013 a
1464 1949 1593 2014 Carolo
1615 1950 1642 2012 Ι.
1667 1948 1753 2030 (IV.)
1778 1968 1859 2010 con-

161 2094 268 2156 deretur
289 2092 502 2156 universitas
517 2091 711 2173 Pragensis
728 2091 849 2173 (1348),
866 2090 922 2153 cui
939 2103 1079 2153 ceterae
1095 2091 1239 2153 scholae
1255 2090 1439 2153 subiectae
1456 2099 1564 2171 atque
1580 2098 1657 2151 arte
1674 2105 1859 2150 connexae

161 2234 275 2313 erantt).
319 2230 393 2295 Sed
417 2232 505 2295 ortis
528 2232 671 2295 saeculo
696 2229 778 2293 XV.
802 2230 1077 2310 tempestatibus
1099 2229 1292 2292 Hussiticis
1320 2229 1521 2309 ceterisque
1548 2246 1664 2290 rerum
1688 2226 1860 2289 turbatio-

161 2369 236 2431 nibus
257 2370 471 2433 monasteria
498 2370 773 2450 excidebantur,
807 2369 866 2450 qui
898 2369 932 2431 in
964 2368 1006 2430 iis
1039 2369 1267 2451 habitabant,
1300 2367 1491 2430 furentium
1522 2367 1583 2429 iris
1614 2377 1650 2429 et
1681 2366 1859 2428 erroribus

161 2511 349 2572 vexabantur
388 2509 599 2591 plurimique
638 2507 958 2587 interficiebantur,
999 2510 1197 2571 scholarum
1237 2508 1390 2587 fructus,
1431 2525 1519 2587 quos
1558 2505 1719 2588 superior
1760 2513 1860 2567 aetas

162 2648 267 2726 tulerat,
289 2648 457 2710 exstincti
481 2658 562 2710 sunt
577 2648 612 2729 ⁵).

258 2789 371 2850 Etiam
400 2787 436 2850 in
462 2785 591 2850 Silesia
614 2797 650 2850 et
673 2788 822 2850 Polonia
849 2799 985 2851 mature
1017 2787 1052 2849 in
1082 2787 1307 2850 monasteriis
1338 2787 1481 2849 scholae
1511 2784 1774 2865 aperiebantur.
1820 2782 1860 2844 In

163 2924 319 2989 clarissimo
343 2926 559 2990 monasterio
582 2926 773 2989 Tinecensi
797 2928 918 2989 Arone
942 2928 1074 2989 abbate
1098 2927 1218 2989 schola
1242 2938 1318 2989 erat
1342 2925 1584 3005 celeberrima,
1609 2923 1643 2986 in
1666 2940 1735 3004 qua
1759 2921 1859 2985 initio

164 3065 288 3127 monachi
311 3064 567 3128 Cluniacenses
591 3066 742 3129 docendi
766 3084 911 3127 munere
933 3064 1176 3148 fungebantur
1189 3064 1225 3145 ⁶).

258 3205 295 3266 In
319 3204 516 3286 Hungaria,
541 3205 603 3266 ubi
625 3205 777 3286 plurima
800 3214 902 3267 erant
925 3204 1238 3294 Benedictinorum
1261 3203 1491 3285 monasteria,
1515 3223 1580 3265 rex
1603 3201 1809 3283 Stephanus
1833 3200 1859 3263 I.

164 3333 292 3424 Sanctus,
315 3362 395 3406 cum
418 3343 553 3406 incolas
577 3344 622 3405 ad
639 3342 874 3406 Christianam
898 3344 1106 3426 religionem
1127 3344 1390 3425 suscipiendam
1413 3342 1651 3425 perduxisset,
1676 3341 1712 3403 in
1734 3340 1860 3403 eadem

164 3488 189 3537 ut
208 3489 464 3562 permanerent,
500 3481 638 3544 idoneis
673 3482 803 3545 scholis
840 3481 983 3544 efficere
1018 3483 1162 3545 studuit.
1209 3482 1338 3545 Earum
1371 3480 1601 3545 celeberrima
1633 3490 1710 3542 erat
1740 3480 1860 3541 schola

164 3611 478 3702 llartinsbergensis,
503 3639 549 3681 ex
573 3640 644 3701 qua
667 3620 767 3683 multi
790 3621 999 3701 prodierunt
1022 3621 1182 3702 episcopi
1210 3632 1247 3684 et
1275 3621 1465 3704 principes
1511 3621 1645 3702 Magna
1676 3629 1753 3682 erat
1784 3618 1860 3681 eius

165 3754 246 3832 gloria
268 3760 335 3822 iam
358 3759 473 3840 primo
497 3761 630 3822 abbate
653 3760 865 3831 Anastasio;
890 3780 933 3822 ea
957 3760 1048 3823 enim
1072 3770 1191 3823 aetate
1216 3782 1243 3825 s.
1265 3760 1422 3842 MauruS,
1447 3759 1506 3840 qui
1529 3769 1656 3841 postea
1679 3758 1857 3820 secundus

166 3887 250 3958 sactus
271 3910 324 3961 est
346 3898 450 3960 huius
474 3899 678 3961 monasterii
702 3900 816 3960 abbas
841 3902 1078 3978 (roso-1030)
1103 3910 1211 3980 atque
1234 3902 1280 3960 ab
1306 3900 1384 3981 ipso
1401 3897 1585 3979 Stephano
1607 3916 1694 3980 rege
1723 3895 1861 3978 episco-

167 4046 256 4107 patum
271 4036 687 4118 Quinqueecclesiensem
704 4037 855 4118 accepit,
876 4039 910 4100 in
927 4039 1121 4101 litterarum
1138 4039 1255 4101 studia
1272 4038 1440 4118 incubuit,
1464 4038 1560 4118 quod
1577 4057 1596 4098 e
1612 4038 1692 4099 loco
1708 4036 1860 4117 quodam

169 4163 243 4235 litae
263 4196 287 4239 s.
310 4176 480 4239 Andreae
504 4185 541 4238 et
563 4176 749 4239 Benedicti
773 4187 965 4259 martyrum
990 4178 1106 4239 elucet
1121 4178 1154 4256 ⁷).
1200 4177 1335 4259 Magna
1359 4176 1463 4239 etiam
1488 4176 1583 4238 fama
1610 4185 1687 4237 erat
1718 4175 1860 4236 scholae

172 4309 438 4333 2—-

266 4411 285 4491 ¹)
306 4412 513 4487 Schlesinger‚
538 4412 723 4470 Geschichte
746 4414 800 4470 der
823 4414 998 4471 Deutschen
1022 4417 1051 4472 in
1075 4415 1217 4472 Bdhmen.

266 4522 285 4603 2)
305 4524 410 4583 r'lbbas
436 4527 600 4601 Dionysius
625 4527 747 4582 Parisiis
771 4527 882 4600 gradus
906 4527 1096 4584 academicos
1119 4527 1282 4584 adsecutus
1306 4543 1352 4585 est
1376 4531 1404 4584 in
1429 4528 1583 4603 theologia
1610 4543 1641 4586 et
1663 4529 1857 4605 philosophia

177 4638 237 4700 atrine
254 4639 280 4692 in
299 4641 495 4696 universitate
519 4639 663 4715 Pragensi
688 4641 817 4696 nominis
840 4654 905 4696 erat
930 4640 1125 4698 celeberrimi.

266 4748 285 4825 ³)
305 4752 374 4808 Vita
397 4752 539 4808 Arnesti:
573 4752 676 4825 „Ergo
709 4771 775 4808 cum
808 4754 863 4809 iam
893 4753 963 4809 nihil
987 4754 1118 4811 Amesto
1143 4754 1239 4811 Glacii
1269 4755 1443 4812 discendum
1471 4767 1618 4822 restaret,
1650 4755 1859 4823 Braunoviam,

178 4866 218 4917 Ἰιη
239 4860 262 4915 in
286 4868 404 4922 civitate
434 4864 533 4920 ludum
562 4865 725 4921 litterarum
755 4878 857 4940 patres
890 4885 907 4922 e
935 4887 959 4922 s.
988 4867 1140 4923 benedicti
1172 4868 1328 4944 disciplina
1359 4865 1527 4936 habebant,
1556 4869 1708 4924 mittitur.“
1745 4870 1861 4924 Matau-

179 4959 242 5023 sthek
258 4973 273 5029 1·
293 4997 317 5034 c·

269 5086 287 5164 θ)
308 5090 434 5158 Hellen,
460 5091 516 5146 Die
539 5089 740 5146 Volksschule
765 5104 852 5146 unter
875 5092 968 5147 Maria
991 5091 1150 5149 'l‘heresia

269 5199 287 5274 5)
307 5202 503 5259 Matauschek
526 5202 546 5257 l.
571 5220 596 5257 c.

270 5309 288 5387 ‘l
308 5315 506 5394 Ziegelbauer
530 5314 549 5371 l.
574 5333 599 5370 c.
626 5314 647 5370 1.

271 5421 287 5493 Γ)
308 5426 411 5483 Czinar
435 5427 453 5483 l.
479 5447 505 5483 c.
531 5428 552 5482 Ι.
