4088 6270
888 455 1170 524 —282—

157 663 233 721 mast
255 680 296 719 sz.
319 661 447 718 Martoni
471 659 501 719 fd
523 661 700 738 Apaturnak
721 661 883 728 emmelde,
910 661 987 736 mely
1023 669 1028 732 ι

159 766 329 827 tisztelettel
345 766 423 841 ajinl
435 786 477 823 sz.
491 766 633 823 Benedek
646 765 757 840 rendje.
776 761 804 844 (i.
818 785 845 823 e.
858 766 987 824 Carmen

157 875 270 949 gratias
286 890 381 947 agens
394 870 433 927 ill.
447 889 482 927 ac
495 889 558 928 rev.
572 872 720 948 episcopo
733 872 842 928 laurin.
853 870 987 927 Antonio

158 978 297 1043 IuranitS‚
308 995 374 1032 cum
383 975 423 1032 ill.
433 993 469 1033 ac
478 993 540 1032 rev.
549 975 699 1032 dominum
706 975 855 1032 Thomam
865 974 988 1031 Kovacs

159 1079 384 1140 archiabbatem
405 1076 621 1158 benediceret.)
645 1077 719 1137 Ibid.
741 1077 831 1152 1830.
856 1085 898 1152 4⁰.
924 1092 987 1154 7p.

243 1228 417 1301 Maeder
436 1237 651 1302 Conradus
666 1237 911 1319 (Murensis),
927 1259 989 1302 na-

160 1369 218 1422 tus
234 1358 404 1421 Bosvilae
420 1358 456 1419 in
473 1357 634 1439 Argovia
651 1358 708 1421 die
729 1379 775 1437 19.
794 1357 874 1422 Oct.
897 1360 988 1438 1789,

159 1480 377 1545 sollemniter
393 1478 577 1562 professus
594 1480 650 1543 die
668 1484 696 1544 8.
710 1480 797 1545 Dec.
819 1485 910 1562 1810,
927 1480 989 1542 ab·

159 1603 285 1667 solutis
307 1603 343 1666 in
359 1603 574 1667 monasterio
595 1603 721 1666 studiis
745 1605 913 1666 sacerdos
936 1622 990 1665 or·
1012 1599 1014 1602 ’

161 1726 303 1790 dinatus
320 1737 375 1790 est
392 1726 449 1790 die
466 1731 517 1790 31.
535 1726 614 1791 001.
636 1730 726 1790 1813.
750 1725 836 1789 Erat
852 1725 990 1807 praeci·

159 1868 230 1931 pue
253 1848 410 1912 musicae
431 1858 466 1911 et
486 1848 713 1912 mechanicae
738 1847 889 1912 deditus.
913 1849 990 1912 Mo·

161 1971 315 2034 hasterio
340 1990 533 2053 suppresso
556 1971 592 2033 in
608 1970 733 2034 Bosvil
752 1969 828 2033 fere
850 1989 991 2052 semper

160 2092 317 2156 infirmus
340 2093 449 2155 iacuit
472 2112 585 2175 usque
608 2094 654 2155 ad
678 2104 826 2157 mortem
855 2093 912 2156 die
942 2098 989 2156 13.

160 2218 248 2300 Apr.
278 2219 368 2295 1845.
400 2216 576 2297 Tempore
601 2214 815 2280 infirmitatis
837 2214 991 2278 confecit

161 2339 295 2422 optima
312 2337 498 2421 horologia
509 2338 593 2401 licet
606 2337 890 2420 simplicissimae
908 2356 991 2425 con·

160 2461 376 2541 structionis
393 2481 413 2523 a
429 2461 548 2523 multis
565 2460 759 2524 artificibus
776 2461 939 2543 quaesita
955 2470 991 2524 et

161 2584 331 2667 expetita,
349 2584 580 2665 solummodo,
598 2585 694 2666 quod
706 2584 830 2647 mirum
847 2594 912 2665 est,
928 2585 991 2646 ab·

162 2707 277 2770 solute
294 2706 504 2769 necessariis
520 2706 764 2770 instrumentis
780 2707 923 2786 utend0,
941 2706 991 2768 ita

161 2837 200 2892 ut
223 2847 289 2890 1100
311 2828 480 2891 circinum
503 2829 672 2892 adhibere
696 2829 864 2909 voluerit,
890 2828 991 2892 clavo

162 2972 242 3015 cum
257 2951 414 3016 funiculo
436 2953 481 3014 ad
499 2952 699 3015 ducendum
720 2952 887 3015 circulum
910 2970 998 3033 eon·-

162 3083 291 3137 tentus.

250 3195 456 3278 Composuit
484 3195 534 3258 ita
562 3196 676 3258 dictos
702 3192 991 3278 „Falsibordoni“

164 3338 230 3400 pro
246 3331 396 3401 utroque
413 3321 519 3382 choro
532 3317 691 3380 Murensi
708 3329 744 3381 et
760 3318 895 3400 aliquot
912 3316 994 3379 mis·

164 3460 232 3503 sas,
257 3441 297 3504 In
314 3451 463 3504 monast.
481 3438 596 3504 Gries.

249 3590 514 3687 Maerkinger
529 3602 996 3685 Ildephonsus(Seiten·

164 3720 415 3802 stadiensis),
431 3720 660 3784 Weistrachii
679 3721 713 3784 in
730 3721 808 3784 foro
826 3719 996 3783 Austriae

165 3843 339 3906 inferioris
356 3843 413 3905 die
434 3864 481 3922 19.
498 3843 572 3905 Mai
593 3848 672 3907 1838
690 3853 804 3923 natuS,
823 3841 996 3906 absolutis

165 3966 199 4027 in
217 3987 246 4029 0.
263 3986 289 4028 r.
306 3965 494 4050 gymnasio
511 3965 708 4028 Mellicensi
724 3965 851 4028 studiis
869 3965 926 4026 die
944 3968 994 4027 25.

166 4087 266 4170 Sept.
283 4092 362 4151 1858
375 4087 535 4151 habitum
548 4108 687 4151 sacrum
700 4088 823 4150 induit.
841 4087 997 4150 Absolu-

166 4211 211 4274 tis
228 4211 262 4274 in
279 4211 467 4274 seminario
479 4209 787 4293 Sanhippolytano
801 4209 998 4292 episcopali

168 4332 294 4395 studiis
310 4333 522 4415 theologicis
535 4332 629 4395 votis
646 4333 877 4395 sollemnibus
894 4333 951 4395 die
969 4336 997 4396 5.

168 4457 255 4538 Apr.
277 4461 356 4518 18113
378 4456 533 4518 familiae
550 4475 577 4518 5.
594 4455 781 4518 Benedicti
798 4464 852 4519 est
871 4457 999 4539 adgre-

166 4588 272 4661 gatus
283 4591 318 4640 et
331 4580 456 4640 eodem
466 4597 559 4640 anno
569 4577 626 4639 die
640 4582 687 4641 15.
698 4578 791 4660 Aug.
802 4579 880 4641 Deo
891 4577 1000 4641 omni-

168 4700 306 4782 potenti
331 4701 478 4781 primam
508 4699 636 4762 obtulit
663 4700 815 4761 hostiam
840 4700 1001 4762 incruen-

172 4834 255 4886 tam.
276 4823 365 4885 Tum
383 4822 594 4885 candidatus
610 4821 805 4904 magisterii
823 4820 1002 4904 gymnasii

168 4945 202 5007 in
216 4945 309 5008 univ.
322 4945 477 5008 Vindob.
490 4946 536 5007 ad
549 4944 686 5007 litteras
700 4943 858 5006 incubuit
874 4956 909 5005 et
923 4947 1002 5005 1866

172 5067 387 5150 philologiae
401 5066 581 5149 professor
594 5066 628 5128 in
641 5085 669 5128 0.
683 5086 708 5129 r.
722 5065 913 5148 gymnasio
927 5063 1003 5129 Sei-

169 5187 404 5251 tenstadiensi
427 5198 481 5251 est
503 5187 717 5250 constitutus
738 5186 904 5268 idemque
922 5206 1005 5248 con-

176 5309 285 5373 victui
301 5309 506 5372 monasterii
523 5307 677 5391 praefuit
689 5327 802 5389 usque
815 5309 861 5370 ad
875 5328 1003 5370 annum

176 5435 268 5510 1871.
294 5432 460 5513 Scripsit:

1154 662 1212 718 Die
1224 661 1373 718 Rhetorik
1385 662 1461 719 nach
1471 661 1538 719 dem
1551 661 1856 739 platonischenDialoge

1067 764 1212 841 Gorgias.
1236 761 1453 844 (Adumbratur
1471 766 1626 823 rhetorica
1637 778 1757 823 auctore
1767 766 1858 824 Platone

1068 872 1097 925 111
1113 870 1245 945 dialogo,
1267 871 1318 946 qui
1341 871 1502 947 inscriptus
1519 882 1568 927 est
1584 866 1739 949 Gorgias.)
1757 870 1858 928 Habent

1068 976 1097 1032 in
1121 975 1227 1032 litteris
1250 993 1331 1032 caes.
1357 993 1421 1050 reg.
1446 975 1594 1050 gymnasii
1623 972 1860 1043 Seitenstadiensis,

1073 1078 1163 1153 1878.

1154 1227 1361 1323 Magyary
1394 1236 1612 1321 Sulpicius
1648 1236 1862 1300 Franciscus

1070 1354 1132 1438 (de
1144 1374 1171 1417 5.
1184 1355 1325 1419 Monte
1338 1355 1607 1438 Pannoniae),
1624 1354 1787 1438 Strigonii
1797 1355 1862 1418 eius·

1069 1478 1150 1540 dem
1173 1496 1260 1541 com.
1281 1477 1317 1540 in
1337 1477 1525 1561 Hungaria
1548 1477 1607 1541 die
1632 1481 1683 1541 28.
1700 1475 1789 1558 Sept.
1805 1481 1861 1554 1851

1069 1610 1184 1681 natus,
1207 1619 1234 1663 s.
1256 1599 1382 1663 habitu
1405 1600 1463 1663 die
1480 1604 1509 1665 8.
1528 1598 1630 1683 Sept.
1652 1604 1731 1679 1870
1745 1599 1860 1680 indutus,

1069 1732 1153 1786 vota
1169 1723 1354 1787 sollemnia
1370 1723 1428 1787 die
1442 1728 1492 1787 23.
1506 1721 1571 1785 Iul.
1589 1726 1671 1803 1876
1684 1721 1797 1785 emisit.
1809 1722 1861 1784 Ab

1070 1826 1196 1909 solutis
1212 1847 1248 1908 in
1264 1865 1291 1908 5.
1304 1854 1424 1909 11101110
1441 1865 1468 1910 5.
1481 1844 1686 1929 theologiae
1702 1844 1811 1909 studiis
1822 1844 1860 1906 die

1071 1973 1100 2032 8.
1120 1968 1198 2033 Oct.
1221 1973 1298 2049 1877
1317 1969 1508 2052 presbyter
1523 1967 1709 2033 ordinatus
1725 1978 1783 2031 est
1805 1971 1857 2044 1877

1072 2095 1197 2171 —1878
1222 2101 1343 2155 orator
1366 2113 1387 2154 a
1410 2091 1521 2153 sacris
1546 2091 1582 2154 in
1606 2110 1634 2153 s.
1656 2100 1781 2171 monte,
1806 2092 1859 2166 1878

1071 2218 1200 2293 -1879
1228 2213 1599 2277 vicebibliothecarius
1628 2214 1757 2276 ibidem
1779 2231 1814 2275 ex
1831 2229 1858 2272 eo

1071 2335 1430 2434 munustprofessoris
1453 2356 1574 2419 gymn.
1597 2333 1783 2399 Comarom.
1801 2332 1857 2396 obit

1159 2475 1325 2561 Scripsit:

1159 2622 1341 2696 Esztergom
1357 2640 1375 2677 a
1391 2619 1547 2695 tatarjaras
1564 2617 1710 2677 koraban.
1731 2616 1758 2696 (i.
1773 2636 1795 2673 e.
1807 2613 1856 2670 Stri-

1071 2728 1193 2802 gonium
1210 2739 1347 2802 tempore
1363 2723 1587 2803 Tartarorum.)
1603 2724 1783 2799 Esztergom.
1797 2719 1854 2790 1877·

1071 2830 1258 2888 Buzarovits.
1277 2828 1319 2888 8⁰.
1337 2829 1376 2903 58
1394 2849 1424 2906 p.

1158 2979 1291 3051 Mann
1313 2987 1574 3051 Aemilianus
1590 2986 1763 3051 Ioannes
1782 2984 1825 3066 (de
1838 2997 1855 3039 s.

1072 3107 1213 3170 Monte
1240 3105 1511 3188 Pannoniae),
1539 3125 1593 3167 aa.
1621 3105 1657 3170 ll.
1684 3113 1720 3168 et
1744 3101 1856 3185 philoso

1073 3230 1178 3312 phiae
1188 3231 1322 3309 doctor,
1332 3227 1477 3291 Posonii
1491 3227 1651 3290 eiusdem
1663 3246 1748 3293 eom.
1758 3220 1857 3287 inHun·

1073 3352 1175 3435 garia
1192 3351 1249 3414 die
1270 3355 1317 3414 18.
1335 3351 1423 3432 Apr.
1442 3369 1520 3430 1797
1535 3358 1652 3431 natuS,
1668 3368 1695 3412 s.
1708 3346 1812 3410 habitu
1822 3338 1857 3402 dit

1076 3496 1126 3554 29.
1148 3473 1227 3538 Oct.
1255 3480 1333 3537 1813
1356 3474 1510 3554 indutuS,
1536 3481 1621 3535 vota
1643 3469 1809 3535 sollemnia
1823 3459 1858 3525 dit

1080 3619 1127 3677 19.
1144 3596 1233 3679 Apr.
1255 3600 1335 3659 1818
1353 3595 1479 3659 emisit.
1496 3594 1686 3658 Absolutis
1699 3593 1768 3656 ins.
1781 3592 1859 3653 monte

1076 3741 1103 3784 s.
1131 3720 1333 3802 theologiae
1364 3717 1492 3781 studiis
1524 3717 1581 3780 die
1618 3739 1665 3796 19.
1693 3714 1785 3797 Sept.
1808 3706 1858 3771 112³

1077 3842 1267 3925 presbyter
1293 3840 1477 3904 ordinatus
1505 3850 1574 3921 est,
1605 3859 1683 3902 cum
1697 3813 1772 3900 iam
1792 3842 1861 3896 antea

1081 3962 1399 4044 1818—191aurini,
1410 3967 1575 4042 1819-21
1589 3959 1752 4044 Sopronii
1760 3964 1861 4020 munere

1077 4085 1289 4169 professoris
1300 4104 1420 4167 gymn.
1430 4083 1574 4146 functus
1587 4091 1692 4145 esset.
1706 4080 1801 4144 Anno
1812 4069 1862 4136 1823

1078 4212 1207 4271 —1830
1223 4206 1406 4289 professor
1421 4205 1457 4268 in
1472 4206 1576 4287 lyceo
1593 4201 1783 4267 domestico
1791 4187 1863 4261 11111·

1079 4331 1191 4412 nensi,
1209 4332 1378 4392 1830-50
1391 4327 1481 4409 prof.
1494 4325 1719 4389 historiarum
1735 4323 1768 4386 in
1779 4313 1864 4384 acadr

1079 4453 1150 4517 mia
1170 4449 1392 4531 Posoniensi,
1418 4451 1586 4527 1850-59
1611 4445 1729 4511 officio
1749 4428 1864 4525 magisffl

1080 4573 1296 4639 novitiorum
1319 4572 1355 4635 in
1378 4591 1406 4633 s.
1429 4581 1550 4633 monte
1576 4568 1719 4632 functus
1741 4575 1802 4644 est,
1821 4567 1865 4639 (111⁰

1082 4718 1174 4761 anno
1196 4696 1253 4759 die
1280 4700 1328 4759 13.
1345 4694 1408 4757 Iul.
1435 4695 1481 4756 ad
1506 4692 1756 4756 monasterium
1774 4708 1799 4750 0.
1811 4703 1830 4745 s.
1841 4673 1865 4737 Β·

1082 4819 1270 4884 strictioris
1283 4816 1535 4880 observantiae
1552 4815 1588 4878 in
1600 4813 1745 4878 Austria
1756 4782 1865 4874 inferiori

1084 4942 1119 5004 in
1136 4942 1225 5004 colle
1243 4940 1368 5022 oppidi
1384 4937 1555 5002 Lambaci
1571 4937 1677 5000 situm
1697 4956 1735 4998 se
1754 4918 1865 4996 contulii

1084 5064 1146 5126 ubi
1169 5073 1309 5126 retento
1325 5061 1466 5124 nomine
1482 5059 1676 5123 Aemiliani
1691 5072 1805 5121 annum
1817 5057 1865 5129 pfl

1084 5184 1239 5249 bationis
1263 5186 1380 5247 denuo
1401 5181 1567 5262 absolvit,
1588 5181 1723 5245 tardius
1737 5191 1807 5240 vero
1818 5156 1864 5229 offi·

1085 5308 1178 5370 cium
1209 5307 1336 5388 prioris
1368 5324 1505 5367 summa
1539 5324 1620 5367 cum
1653 5302 1754 5365 laude
1782 5280 1862 5377 gessit.

1086 5428 1275 5492 Celebrato
1292 5428 1349 5490 die
1364 5448 1413 5489 21.
1429 5425 1530 5506 Sept.
1545 5430 1624 5506 1873
1638 5422 1779 5488 iubilaeo
1788 5419 1862 5476 sacer·
