4088 6270
892 487 1173 553 —116—

160 687 373 760 clesiastico;
397 687 553 767 itemque
575 688 619 749 de
640 687 803 770 Liturgia
822 687 990 749 Aleman-
1071 687 1231 749 corrasis.
1248 685 1493 748 Bibliothecae
1506 706 1637 769 curam,
1652 688 1869 768 quamdiua,⁴

158 810 247 874 nica.
264 810 464 892 Utrumque
478 828 569 892 opus
582 811 627 871 ad
641 829 705 872 sua
721 819 758 872 et
774 810 990 873 eruditorum
1070 828 1163 891 sens,
1184 807 1286 871 alteri
1307 807 1446 870 interim
1467 809 1670 891 reliquerat,
1694 809 1814 873 iterum
1831 831 1869 878 ω

158 943 243 996 vota
274 942 399 995 exacte
430 930 637 1014 perficiendi
668 952 792 1013 causa,
824 952 991 1014 magnam
1071 930 1205 1012 sumsit,
1229 930 1386 1013 nihilque
1407 930 1521 993 minus
1543 932 1704 1014 optabat,
1729 952 1869 1014 quama

158 1053 383 1135 Germaniae,
399 1053 524 1116 Italiae
538 1064 573 1116 et
586 1051 726 1117 Galliae
737 1064 876 1136 partem
889 1074 991 1135 pera·
1070 1051 1263 1115 honorifica
1279 1051 1405 1134 officia,
1423 1071 1514 1133 quae
1526 1054 1572 1115 ab
1585 1053 1664 1116 aliis
1676 1072 1783 1137 saepe
1793 1058 1868 1124 avid

158 1177 287 1259 gravit,
308 1186 444 1238 sumtus
465 1176 511 1237 ad
528 1194 571 1237 ea
586 1175 715 1238 itinera
735 1175 889 1238 libenter
909 1177 991 1237 sub·
1071 1183 1298 1256 expetuntur,
1314 1173 1525 1255 promoveri.
1549 1173 1629 1255 Quo
1646 1194 1733 1239 vero
1749 1194 1869 1245 commo

159 1298 380 1361 ministrante
396 1298 528 1359 abbate
541 1295 738 1380 Meinrado,
756 1297 816 1378 qui
832 1317 912 1359 eum
929 1317 991 1379 po·
1071 1296 1166 1359 tione
1174 1295 1294 1377 aliqua
1304 1295 1461 1377 corporis
1474 1295 1618 1359 sanitati
1628 1298 1805 1359 consulere
1812 1318 1869 1380 pos·

159 1420 333 1482 tissimum
342 1418 491 1481 infinem
500 1418 775 1501 typographiam
784 1419 991 1482 interaedes
1071 1430 1141 1501 set,
1174 1439 1257 1481 cura
1285 1417 1480 1481 animarum
1507 1418 1543 1481 in
1570 1418 1868 1502 Menzenschwand,

160 1551 356 1604 conventus
369 1539 619 1604 San-Blasiani
631 1540 782 1621 induxit,
799 1551 838 1604 ut
849 1542 990 1625 religio·
1071 1561 1175 1622 quam
1192 1560 1212 1601 e
1228 1539 1442 1602 monasterio
1459 1540 1652 1603 sustineret
1669 1545 1866 1623 excurrendo,

160 1663 208 1726 sis
230 1664 304 1726 suis
327 1664 373 1725 ad
395 1663 603 1726 scribendos
629 1663 738 1726 libros
761 1663 916 1726 animum
939 1664 991 1727 ia·
1028 1662 1032 1765 7
1069 1663 1118 1724 illi
1134 1663 1321 1725 commissa
1337 1661 1414 1743 fuit,
1438 1663 1653 1746 peroptanti,
1678 1673 1718 1726 ut
1738 1664 1865 1727 omnibus

160 1796 267 1849 ceret.
303 1785 363 1847 Ad
394 1786 575 1866 praelatos
607 1784 818 1849 Germaniae
852 1787 990 1850 litteras
1028 1786 1031 1819 ¹
1069 1785 1166 1846 vitae
1183 1803 1269 1846 suae
1285 1783 1387 1846 a‘nnis
1403 1784 1529 1846 studiis
1549 1784 1745 1848 litterarum
1760 1805 1864 1864 vacare,

159 1907 465 1970 commendatitias
499 1909 545 1969 ab
572 1908 849 1971 eminentissimo
878 1909 990 1972 cardi·
1071 1917 1106 1969 et
1123 1927 1214 1988 quae
1227 1907 1343 1969 animo
1357 1916 1582 1990 conceperat,
1598 1907 1767 1970 litteraria
1778 1927 1864 1990 opera,

158 2030 238 2092 nale
252 2031 296 2091 de
308 2029 410 2092 Rodt
426 2030 603 2093 ordinario
619 2050 683 2093 suo
700 2032 837 2114 detulit,
854 2033 914 2113 qui
931 2053 991 2095 an·
1069 2030 1168 2112 prelo
1182 2028 1401 2092 committere
1413 2038 1546 2111 posset,
1563 2030 1628 2092 sed
1644 2029 1748 2092 aliter
1760 2029 1865 2112 superis

159 2161 218 2213 tea
233 2150 273 2212 P.
290 2149 483 2213 Martinum
499 2151 691 2214 honorifico
708 2153 811 2216 titulo
831 2153 990 2237 theologi
1071 2152 1186 2214 visum
1202 2161 1266 2214 est.

159 2274 263 2337 aulici
280 2283 481 2337 ornaverat.
504 2273 564 2336 Ad
580 2274 803 2338 invisendam
818 2296 904 2339 vero
920 2278 991 2339 Ita·
1158 2274 1246 2336 Post
1262 2273 1398 2336 obitum
1415 2272 1547 2355 quippe
1564 2273 1707 2336 abbatis
1722 2282 1758 2336 et
1771 2271 1864 2354 princi-

159 2397 241 2458 liam
269 2398 314 2458 ab
343 2396 579 2458 illustrissimo
610 2398 739 2460 comite
765 2398 918 2479 Iosepho
946 2400 990 2461 de
1072 2398 1126 2479 pis
1149 2396 1334 2469 Meinradi‚
1360 2395 1420 2477 qui
1444 2395 1501 2457 die
1530 2416 1577 2457 12.
1601 2394 1681 2460 Oct.
1706 2400 1781 2475 1764
1801 2392 1864 2456 obti-

160 2517 341 2600 Garampi,
358 2519 587 2582 secretiorum
609 2521 832 2583 archivorum
850 2520 990 2583 Romae
1071 2529 1183 2603 gerat,
1206 2519 1263 2581 die
1288 2522 1335 2581 15.
1361 2518 1520 2581 eiusdem
1536 2516 1703 2581 Octobris
1724 2517 1762 2582 P.
1776 2513 1864 2579 Marti·

159 2642 352 2724 praefect0,
376 2651 502 2723 postea
523 2642 645 2703 nuntio
669 2643 866 2724 apostolico
882 2643 991 2706 Vien-
1071 2662 1137 2705 nus
1153 2661 1218 2723 per
1227 2651 1313 2703 vota
1325 2641 1521 2702 eminenter
1537 2639 1671 2702 maiora
1687 2639 1862 2703 confratrum

159 2904 261 2947 suum
297 2885 458 2947 Italicum
493 2885 683 2966 inscripsit.
720 2885 808 2948 Cum
843 2887 991 2950 eruditis
1071 2887 1159 2949 Nov.
1173 2896 1294 2948 autem
1311 2904 1376 2966 per
1388 2885 1604 2947 cardinalem
1622 2886 1666 2947 de
1676 2885 1773 2947 Rodt
1786 2883 1862 2945 abba·

160 3007 405 3069 Benedictinis
437 3008 726 3089 congregationis
757 3028 784 3072 s.
811 3009 927 3071 Mauri
955 3009 990 3071 in
1071 3008 1191 3071 tialem
1218 3006 1505 3069 benedictionem
1529 3006 1680 3088 accepit.
1711 3000 1863 3088 Sequentis

161 3127 278 3191 Gallia
294 3128 354 3190 diu
375 3129 443 3190 iam
463 3140 569 3191 antea
589 3131 836 3193 commercium
856 3131 991 3194 littera·
1070 3129 1281 3193 Decembris
1298 3129 1354 3190 die
1368 3133 1396 3190 3.
1414 3128 1449 3190 in
1463 3128 1552 3191 atrio
1565 3129 1657 3191 arcis
1670 3128 1705 3191 in
1720 3118 1865 3191 Bonndorl

160 3271 236 3313 rum
259 3250 398 3334 habuit,
426 3262 533 3333 atque
558 3272 577 3314 e
602 3250 718 3315 Gallia
740 3255 855 3316 redux
877 3255 991 3315 abbas
1072 3253 1204 3317 subditi
1235 3251 1478 3333 dynastiarum
1505 3251 1704 3333 Bonndorf,
1727 3252 1862 3326 Blusneg·

161 3371 268 3434 etiam
292 3373 521 3437 continuavit.
550 3372 610 3437 Sic
634 3374 777 3457 factum,
802 3387 841 3438 ut
866 3387 990 3457 poten·
1071 3396 1151 3459 gen,
1162 3374 1384 3455 Gatterburg
1399 3393 1550 3436 unacum
1563 3383 1683 3436 monte
1695 3362 1862 3436 Beroviensi

160 3503 234 3557 tum
248 3493 425 3577 suffragiis
442 3496 729 3577 eruditorumque
746 3497 876 3560 mutuis
892 3499 992 3560 auxi·
1071 3497 1272 3580 homagium
1290 3506 1326 3558 et
1337 3495 1571 3559 iuramentum
1583 3495 1772 3576 fidelitatis,
1785 3506 1814 3556 et
1825 3487 1861 3550 dit

161 3616 218 3679 liis
233 3615 367 3679 munito
388 3617 625 3680 bibliothecae
647 3631 684 3680 et
699 3619 844 3681 archiva
860 3620 991 3701 ubique
1072 3626 1100 3684 6.
1122 3621 1208 3684 Dec.
1229 3618 1401 3681 moniales
1422 3638 1453 3682 0.
1474 3638 1501 3681 s
1519 3619 1559 3680 Β.
1581 3619 1755 3682 Beroviae
1775 3617 1803 3677 in
1820 3627 1862 3673 sua

160 3749 336 3820 paterent,
353 3740 481 3801 eruditi
493 3759 588 3822 vero,
602 3761 623 3802 a
636 3742 765 3822 quibus
781 3742 816 3804 in
829 3743 991 3824 publicas
1072 3743 1222 3806 ecclesia
1249 3741 1458 3802 neo-electo
1487 3741 1609 3802 abbati
1637 3740 1821 3824 homagium
1840 3738 1862 3791 tl

161 3860 552 3924 societateslitterarias
561 3861 673 3924 amice
684 3863 904 3926 introductus
914 3863 990 3947 fuit,
1071 3865 1297 3929 obedientiae
1306 3862 1563 3945 professionem
1574 3855 1862 3945 praestiteruntln·

160 2783 226 2825 nae
244 2773 280 2826 et
294 2784 320 2825 r.
338 2783 367 2825 e.
385 2763 555 2825 cardinali
571 2762 638 2825 fuit
654 2764 829 2844 inductus,
847 2765 903 2827 cui
919 2765 991 2827 Iter
1071 2783 1213 2826 suorum
1229 2764 1342 2825 abbas
1365 2772 1401 2824 et
1421 2763 1588 2843 princeps
1609 2764 1750 2844 electus,
1773 2761 1862 2823 dieu.

161 3982 321 4045 eiusdem
330 3983 522 4045 amicitiam
535 3994 570 4045 et
580 3985 774 4046 studiorum
784 3986 991 4048 societatem
1029 4032 1032 4043 .
1070 3988 1279 4051 vestituram
1298 3996 1417 4048 autern
1433 3985 1469 4048 in
1482 3985 1618 4069 regalia
1631 3986 1666 4048 in
1679 4005 1781 4068 supra
1790 3974 1862 4044 dictis

162 4103 229 4165 sibi
246 4114 468 4185 expeterent.
483 4105 662 4168 Monachii
676 4116 712 4169 et
723 4106 899 4170 Roboreti
913 4129 992 4170 aca-
1073 4108 1248 4192 dynastiis
1269 4128 1362 4171 anno
1383 4112 1462 4186 1766
1483 4127 1548 4189 per
1570 4109 1770 4191 delegatum
1786 4105 1862 4181 impe

162 4226 301 4289 demiae
331 4228 524 4290 litterariae
559 4229 691 4291 sodalis
721 4231 883 4293 adlectus
915 4230 991 4313 fuit,
1071 4231 1200 4294 ratoris
1216 4228 1359 4311 Iosephi
1376 4229 1419 4290 II.
1437 4229 1599 4291 obtinuit.
1624 4228 1813 4310 Stupebant
1823 4237 1861 4282 ex·

163 4368 267 4428 quem
276 4351 427 4431 gradum
439 4351 581 4413 honoris
590 4354 761 4432 posthaec
770 4355 889 4435 plures
902 4353 991 4416 aliae
1072 4354 1185 4417 tranei
1199 4355 1243 4416 de
1257 4352 1430 4415 electione
1438 4351 1593 4432 Martini,
1606 4352 1762 4434 expertis
1771 4351 1861 4413 hucus-

162 4470 198 4531 in
212 4468 402 4532 Germania
416 4481 452 4533 et
464 4472 567 4534 Italia
579 4474 782 4536 academiae
798 4495 868 4537 non
885 4495 992 4557 quae·
1073 4496 1142 4558 que
1157 4486 1193 4539 et
1205 4475 1358 4557 imperiti
1370 4495 1487 4537 rerum
1498 4475 1745 4557 temporalium
1753 4460 1860 4536 admini-

163 4592 254 4653 renti
270 4592 361 4655 ultro
383 4594 594 4657 detulerunt.
619 4595 689 4658 Tot
711 4596 744 4658 in
769 4597 992 4659 bibliothecis
1072 4598 1264 4679 strationis,
1277 4618 1383 4678 quam
1392 4617 1477 4660 vero
1491 4616 1571 4660 cum
1588 4608 1734 4681 stupore
1747 4590 1860 4659 omnium

164 4722 200 4775 et
222 4713 374 4776 archivis
395 4716 546 4797 publicis
570 4726 605 4778 et
628 4717 777 4801 privatis
796 4739 865 4781 non
886 4722 992 4782 modo
1071 4722 1273 4785 felicissirne
1290 4721 1413 4802 gessit,
1430 4731 1467 4783 et
1482 4719 1557 4783 fere
1574 4740 1683 4802 supra
1699 4738 1799 4803 spem.
1811 4709 1859 4775 Ab·

163 4836 322 4918 plurima,
342 4857 433 4919 quae
455 4840 501 4900 ad
523 4859 624 4901 usum
640 4859 719 4902 esse
736 4850 912 4922 poterant,
930 4863 991 4904 ex·
1072 4846 1136 4906 bas
1164 4845 1312 4926 primam
1336 4864 1455 4906 curam
1480 4844 1599 4925 posuit
1623 4844 1658 4906 in
1682 4829 1859 4906 restituenda

163 4957 296 5039 cerpsit
316 4977 357 5019 ac
379 4960 581 5042 descripsit,
606 4963 669 5023 sed
693 4971 729 5024 et
751 4963 910 5046 integros
934 4984 991 5026 co·
1072 4968 1168 5030 avita
1186 4967 1373 5049 disciplina
1386 4967 1582 5029 monastica
1595 4960 1859 5030 San-Blasianaet

163 5079 262 5142 dices
279 5091 400 5143 mutuo
420 5095 481 5145 aut
497 5084 590 5146 dono
606 5086 755 5167 accepit,
778 5086 916 5167 aliaque
937 5107 992 5148 ra·
1073 5089 1268 5152 condendis
1284 5089 1385 5150 novis
1402 5089 1714 5153 constitutionibus
1734 5071 1858 5152 monasti·

163 5201 259 5265 tione
283 5213 452 5286 acceptos
477 5206 618 5269 domum
639 5209 759 5270 retulit
782 5228 874 5271 anno
902 5214 992 5290 1762,
1074 5210 1324 5292 co-religiosis,
1356 5210 1484 5291 quibus
1511 5212 1638 5293 pietati
1665 5223 1702 5276 et
1727 5190 1858 5294 profectui

163 5333 271 5405 atque
292 5325 326 5387 in
347 5327 505 5390 ordinem
526 5329 689 5411 redigere
707 5331 857 5411 paravit,
878 5331 993 5393 laetus
1031 5326 1034 5425 7
1074 5333 1196 5395 morali
1217 5334 1448 5416 singulorum,
1471 5334 1570 5416 pacis
1594 5325 1821 5417 tranquillitati
1836 5323 1858 5377 θῑ

163 5455 201 5508 et
212 5447 369 5528 locuples
382 5451 556 5514 thesauris
568 5452 748 5514 litterariis
758 5454 995 5537 undequaque
1032 5446 1035 5514 l
1075 5456 1180 5518 saluti
1218 5456 1326 5520 totius
1365 5457 1654 5538 congregationis
1693 5448 1857 5521 consuleret
