4034 6262
112 107 116 111 “
145 118 165 159 s.
184 95 392 176 Benedicti,
420 94 620 157 omnimode
646 95 820 175 probatus
843 105 908 177 est,
935 103 972 157 et
1009 89 1013 210 l
1051 93 1154 156 malis
1181 92 1321 156 nomine
1347 90 1509 156 Schiiller
1535 104 1733 157 vacantem.
1766 92 1887 174 Quare

146 227 217 281 tunc
242 217 395 279 demum
419 217 465 279 ad
489 215 673 278 sollemnia
696 216 873 279 admissus
888 225 988 319 vota.
1052 217 1099 278 ad
1114 234 1246 278 novum
1258 233 1304 277 ex
1316 215 1501 297 praedicta
1517 216 1665 278 materia
1682 235 1832 278 examen
1846 235 1885 278 se

149 345 188 404 13.
197 338 278 403 Oct.
294 337 573 403 1816totusDeo
583 357 621 401 se
631 337 857 420 mancipavit.
874 337 973 400 Tunc
1053 336 1223 419 accinxit,
1256 346 1292 401 et
1322 337 1519 423 tentatione
1550 337 1776 400 scientiarum
1807 339 1886 400 eius

145 461 366 527 Olomucium
388 460 548 542 mittitur,
569 470 608 523 ut
631 461 834 543 theologica
856 459 974 523 studia
1054 457 1230 522 Olomucii
1258 464 1287 525 6.
1310 460 1374 524 Iul.
1404 463 1485 523 1826
1511 469 1674 541 peracta,
1702 461 1883 541 professor

143 583 276 666 finiret,
290 585 390 666 quod
413 602 483 646 non
506 583 619 646 solum
642 581 806 645 examine
831 581 975 664 publico

143 706 277 769 cunctis
287 706 572 787 adprobantibus
581 699 881 787 praestitit,immo
890 723 975 767 vero

143 829 338 892 tentamine
359 847 404 890 ex
425 828 597 910 religione
621 838 657 891 et
682 827 905 908 philosophia
928 828 973 889 ad

143 950 294 1014 docendi
306 970 433 1013 munus
445 950 667 1013 habilitatem
681 957 737 1011 est
748 960 884 1012 nactus.
901 949 975 1011 Re-

143 1073 282 1136 siduum
300 1072 472 1154 temporis
489 1073 535 1135 ad
547 1073 832 1154 perlustrandam
847 1070 974 1133 biblio·

142 1198 283 1260 thecam
304 1195 444 1276 sibique
466 1195 501 1257 in
521 1194 625 1257 huius
648 1194 792 1276 generis
815 1195 976 1256 laborum

142 1319 417 1382 nanciscendam
446 1317 630 1381 scientiam
654 1319 855 1397 dedicabat,
880 1317 975 1398 quod

142 1450 409 1523 peropportune
438 1440 635 1503 Benedicto
665 1449 787 1502 nostro
818 1447 974 1501 venerat.

1054 583 1177 645 harum
1190 582 1415 645 materiarum
1424 580 1541 644 factus
1551 591 1615 644 est.
1629 582 1749 645 Trium
1757 585 1887 646 lustro-

1055 724 1131 766 rum
1153 703 1317 785 spatium,
1343 704 1437 784 quod
1452 703 1605 766 Richter
1626 704 1807 785 professor
1823 726 1885 787 pu-

1054 825 1169 888 blicus
1192 826 1227 887 in
1251 825 1414 889 instituto
1437 827 1684 909 philosophico
1708 827 1885 889 Brunensi

1055 947 1244 1029 transegit,
1269 947 1360 1010 inter
1383 948 1652 1011 iucundissimos
1680 969 1765 1012 suae
1789 951 1886 1013 vitae

1055 1089 1167 1132 annos
1194 1090 1336 1152 semper
1361 1072 1550 1134 recensuit.
1582 1072 1627 1134 Et
1651 1073 1735 1136 iure.
1764 1073 1887 1135 Verbo

1056 1192 1148 1255 enim
1166 1201 1201 1254 et
1218 1193 1383 1273 exemplo
1401 1194 1508 1254 corda
1521 1195 1738 1257 audientium
1756 1205 1791 1257 et
1808 1215 1888 1257 sen-

1056 1335 1116 1377 sus
1132 1315 1200 1377 sibi
1213 1314 1436 1377 devinciendi
1449 1317 1648 1399 peroptime
1661 1339 1803 1400 gnaruS,
1821 1338 1887 1380 nec

1056 1456 1126 1499 non
1143 1438 1296 1499 omnium
1313 1438 1451 1501 illorum
1470 1439 1677 1521 indigentiis
1698 1441 1887 1502 consulens

144 1563 341 1628 Ordinatus
358 1563 450 1625 enim
465 1566 494 1624 5.
505 1562 584 1627 Oct.
598 1566 676 1640 1817
691 1582 755 1641 per
768 1560 975 1642 episcopum
1055 1560 1150 1621 haud
1167 1579 1300 1640 paucos
1316 1560 1463 1622 iuvenes
1480 1561 1562 1624 forti
1578 1583 1683 1624 manu
1704 1563 1738 1624 in
1756 1563 1814 1624 via
1832 1582 1888 1625 sa-

143 1685 366 1748 Brunensem
378 1687 568 1767 presbyter
580 1694 617 1748 et
628 1683 792 1766 primitiis
812 1704 860 1761 19·
873 1683 976 1755 huius
1013 1696 1016 1733 ¹
1056 1682 1140 1744 lutis
1160 1693 1235 1745 tum
1259 1683 1417 1764 corporis
1440 1693 1514 1746 tum
1535 1685 1673 1747 animae
1697 1685 1887 1767 dirigebat.

142 1808 176 1871 in
192 1808 299 1870 ‘solio
331 1807 448 1888 patrio
479 1807 685 1887 celebratis,
715 1805 976 1868 bibliothecarii

143 1949 289 1993 munere
306 1931 506 2010 decoratur,
523 1929 623 1992 cuius
639 1939 761 2010 partes
777 1927 976 1990 omnimode

143 2052 295 2133 explens
319 2071 384 2133 per
407 2051 596 2114 triennium
623 2051 824 2133 catalogum
851 2048 976 2111 funda-

143 2176 335 2239 mentalem
363 2186 399 2237 et
426 2173 614 2237 litteralem
641 2173 795 2236 omnium
823 2183 907 2234 tunc
931 2171 977 2233 ad

144 2317 252 2360 zoooo
272 2306 557 2377 computatorum
577 2295 746 2357 librorum
767 2291 920 2356 confecit
941 2301 977 2354 et

143 2420 211 2482 iam
221 2420 348 2481 iamad
358 2418 625 2500 systematicum
635 2417 928 2480 conscribendum
939 2434 977 2477 se

143 2542 311 2622 accinxit,
322 2562 429 2623 quum
442 2560 488 2603 ex
501 2541 669 2603 mandato
682 2539 824 2603 abbatis
840 2539 903 2618 sui,
917 2538 977 2620 qui

143 2664 355 2748 obligationi
384 2663 489 2726 trium
516 2663 810 2727 monasteriorum
836 2684 863 2726 s.
885 2662 977 2725 Tho·

144 2788 286 2868 mensis,
303 2787 588 2850 Neo-rischensis
605 2796 641 2849 et
657 2786 769 2850 nostri
786 2797 825 2848 ut
840 2785 977 2867 profes-

143 2929 261 2974 sorum
279 2909 470 2972 cathedras
489 2909 525 2971 in
545 2909 708 2972 instituto
729 2908 976 2990 philosophico

144 3030 321 3094 Brunensi
353 3030 426 3092 suis
457 3030 655 3112 deferrent,
686 3030 976 3093 satisfaciendum

145 3173 285 3234 curanS,
302 3153 537 3216 Benedictum
553 3164 711 3216 nostrum
724 3155 769 3215 ad
782 3154 849 3238 hoc
862 3171 977 3234 genus

142 3278 304 3340 laborum
322 3276 524 3341 destinavit.
549 3276 653 3340 Votis
676 3276 818 3340 abbatis
840 3258 893 3338 sui
915 3277 977 3337 ob·

142 3400 343 3463 secundare
385 3399 516 3461 nullam
559 3398 677 3462 attulit
719 3397 976 3465 difficultatem.

143 3521 364 3586 Benedictus
389 3521 481 3584 enim
505 3541 570 3602 per
593 3523 781 3584 decursum
805 3540 977 3584 annorum

142 3644 395 3728 philosophiae
408 3654 443 3707 et
451 3643 633 3726 religionis
643 3643 812 3707 scientiae
823 3644 977 3706 studium

143 3787 287 3850 semper
299 3767 469 3849 coluerat,
482 3786 631 3848 quarum
647 3766 754 3828 etiam
771 3766 976 3831 cathedram

144 3889 349 3974 eligendam
360 3890 579 3952 decreverat.
594 3887 766 3951 Examine
779 3908 866 3971 ergo
874 3908 978 3970 prae·

143 4014 243 4076 claro
259 4031 308 4074 ex
322 4011 489 4075 universa
509 4011 735 4093 philosophia
754 4012 790 4074 in
806 4011 978 4075 universi-

144 4144 221 4198 tate
238 4132 467 4197 Olomucensi
484 4138 535 4196 25.
553 4133 643 4196 Nov.
664 4137 745 4213 1819
769 4144 805 4197 et
829 4153 875 4196 ex
897 4134 978 4195 reli-

144 4256 263 4341 gionis
276 4256 426 4319 scientia
437 4275 465 4334 7.
475 4256 562 4320 Dec.
573 4256 731 4319 eiusdem
744 4255 827 4319 anni
836 4256 978 4318 Brunae

146 4388 311 4462 peracto,
335 4378 435 4441 initio
462 4377 544 4441 anni
568 4378 976 4460 scholastici’sequentis

146 4499 362 4583 professoris
374 4520 500 4563 munus
511 4500 547 4563 in
560 4500 722 4563 instituto
731 4498 976 4582 philosophico

147 4622 327 4687 Brunensi
342 4633 398 4684 est
413 4623 617 4704 adgressus,
633 4641 749 4704 neque
764 4622 819 4688 his
835 4632 978 4684 conten·

1056 1804 1111 1865 Ex
1128 1805 1337 1868 collectione
1353 1826 1417 1868 sua
1433 1807 1607 1869 industria
1620 1807 1715 1870 faeta
1728 1808 1888 1870 subsidia

1055 1929 1233 2011 fundavit,
1258 1931 1302 1990 de
1326 1929 1452 2009 quibus
1473 1930 1689 1992 bibliotheca
1713 1933 1758 1992 ad
1783 1950 1886 1992 usum

1056 2050 1274 2114 studentium
1290 2050 1496 2133 erigeretur,
1513 2060 1550 2113 et
1566 2052 1704 2133 aegroti
1718 2054 1810 2115 lecto
1827 2055 1887 2115 de-

1056 2175 1264 2236 cumbentes
1289 2184 1581 2238 sustentarentur.
1611 2175 1691 2237 Non
1715 2175 1885 2237 minorem

1057 2296 1123 2358 sibi
1139 2298 1281 2359 laudem
1297 2296 1485 2378 acquisivit
1501 2317 1565 2359 sua
1586 2297 1759 2361 industria
1775 2299 1811 2360 in
1828 2317 1887 2360 co-

1056 2420 1162 2481 lenda
1183 2418 1304 2502 lingua
1320 2421 1513 2482 vernacula
1529 2418 1686 2501 Slavica,
1708 2440 1779 2502 quo
1795 2431 1884 2483 tem-

1056 2561 1143 2624 pore
1175 2541 1459 2612 studiumhuius
1486 2537 1601 2605 adhuc
1633 2542 1667 2604 in
1700 2543 1886 2605 cunabulis

1057 2673 1144 2728 erat.
1167 2664 1325 2746 ipsemet
1341 2664 1484 2747 proprio
1496 2664 1613 2728 Marte
1629 2664 1889 2747 praelectiones

1056 2785 1160 2848 huius
1182 2786 1360 2849 idiomatis
1381 2788 1539 2871 habebat
1563 2797 1615 2867 et,
1642 2789 1737 2868 quod
1760 2790 1888 2849 hucus-

1058 2928 1127 2990 que
1143 2908 1340 2971 inauditum
1357 2920 1443 2989 erat,
1466 2909 1523 2971 die
1548 2908 1782 2989 depositionis
1808 2929 1889 2970 cae-

1058 3049 1181 3092 sareae
1196 3030 1399 3093 maiestatis
1415 3030 1596 3093 Francisci
1612 3031 1638 3093 I.
1662 3031 1887 3111 imperatoris

1057 3152 1093 3214 in
1117 3151 1270 3214 ecclesia
1293 3171 1320 3215 s,
1343 3152 1441 3215 Petri
1465 3153 1501 3215 in
1525 3154 1650 3214 eadem
1674 3153 1796 3235 lingua
1823 3172 1890 3233 pro

1057 3274 1227 3337 concione
1247 3275 1353 3355 dixit,
1377 3275 1413 3336 id
1438 3276 1533 3357 quod
1557 3274 1664 3336 etiam
1688 3275 1785 3356 typis
1809 3293 1891 3355 pro·

1057 3396 1240 3479 mulgavit.
1265 3397 1372 3458 Anno
1396 3416 1446 3474 24.
1462 3397 1567 3460 Mart.
1588 3402 1667 3475 1834
1690 3396 1798 3459 subiit
1821 3397 1891 3459 Be·

1056 3520 1220 3582 nedictus
1244 3518 1395 3582 Richter
1417 3528 1598 3601 tentamen
1621 3519 1818 3601 rigorosum
1843 3537 1889 3580 ex

1057 3641 1203 3705 historia
1212 3641 1412 3722 universali,
1424 3645 1474 3704 26.
1484 3641 1588 3704 Mart.
1603 3661 1648 3703 ex
1662 3641 1890 3721 philosophia

1058 3764 1255 3826 theoretica
1271 3774 1308 3827 et
1323 3764 1493 3845 practica,
1513 3769 1565 3826 30.
1582 3764 1645 3827 Iul.
1667 3783 1712 3825 ex
1728 3761 1889 3844 physica,

1059 3908 1087 3950 2.
1104 3887 1198 3969 Aug.
1222 3906 1268 3949 ex
1284 3887 1435 3948 mathesi
1456 3886 1491 3948 in
1512 3886 1606 3950 univ.
1623 3885 1889 3948 Carolo-Ferdi-

1056 4010 1197 4072 nandea
1213 4009 1354 4092 Pragae
1371 4018 1408 4071 et
1424 4013 1452 4072 8.
1470 4009 1564 4091 Aug.
1582 4029 1653 4090 qua
1670 4011 1794 4071 doctor
1809 4009 1887 4089 phi-

1056 4131 1240 4212 losophiae
1252 4141 1289 4194 et
1301 4131 1429 4194 artium
1445 4130 1642 4199 liberalium
1658 4131 1789 4193 ibidem
1803 4150 1884 4211 pro-

1058 4265 1174 4316 motus
1190 4263 1245 4317 est
1257 4291 1299 4299 —
1315 4253 1453 4315 cunctis
1469 4253 1785 4335 applaudentibus;
1802 4253 1886 4315 scri·

1057 4376 1109 4439 bit
1130 4376 1288 4439 decanus
1308 4374 1505 4439 facultatis:
1533 4412 1575 4421 -
1601 4375 1734 4457 primus
1763 4376 1888 4437 doctor

1058 4497 1305 4578 philosophiae
1327 4498 1470 4579 publice
1491 4507 1673 4580 promotus
1694 4497 1786 4560 inter
1801 4497 1891 4560 Rai-

1058 4621 1283 4703 gradiensesl
1309 4621 1417 4683 Brevi
1432 4630 1516 4703 post
1531 4621 1666 4683 electus
1683 4631 1738 4683 est
1754 4619 1889 4681 sodalis

146 4755 215 4827 tus,
235 4744 345 4808 etiam
366 4745 616 4827 paedagogiae
638 4746 842 4808 cathedram
869 4743 978 4805 ambi·
1058 4763 1079 4805 a
1095 4762 1188 4807 caes.
1198 4762 1272 4826 reg.
1282 4743 1466 4807 Moravica
1478 4763 1520 4806 ac
1533 4741 1705 4808 Silesiaca
1718 4742 1890 4805 societate

146 4868 220 4949 bat,
237 4877 322 4947 post
338 4865 533 4929 discessum
546 4866 731 4929 directoris
744 4866 886 4930 scholae
899 4883 978 4927 nor·
1016 4921 1019 4930 ,
1058 4866 1104 4928 ad
1122 4866 1400 4947 promovendam
1417 4886 1491 4929 rem
1508 4865 1695 4948 agrariam,
1708 4863 1892 4927 scientiam

1631 4974 1683 5031 47*
