4088 6270
899 510 1180 581 -472—

167 699 246 756 batis
263 699 499 756 distribuebatur
512 713 541 755 et
554 702 583 754 in
592 700 738 755 Cechneri
752 701 877 756 historia
887 700 997 755 Emau·

169 807 229 860 tina
246 805 429 880 descriptum
448 804 567 877 legitur.

256 910 290 965 V.
309 907 439 983 Scripsit
456 910 544 963 etiam
562 908 671 982 adagia
687 909 845 964 Bohemica
864 911 891 964 in
904 915 947 980 4⁰.
965 909 998 964 ln

170 1011 309 1067 Biblioth.
328 1012 445 1067 Emaut.
464 1014 521 1067 iam
540 1031 599 1067 non
617 1011 734 1067 adsunt.

255 1159 620 1253 SuppanIoachim
635 1170 997 1251 (abbasads.Lam·

167 1291 342 1368 bertum)
360 1288 395 1349 in
413 1287 550 1371 Styria;
568 1300 673 1350 natus
690 1287 833 1350 Graecii
851 1293 900 1351 23.
918 1286 997 1350 Oct.

173 1431 263 1490 1794,
282 1409 425 1471 indutus
442 1420 497 1471 est
513 1409 548 1470 in
564 1409 778 1471 monasterio
794 1410 839 1470 ad
856 1428 883 1470 s.
896 1409 998 1470 Lam-

167 1534 307 1596 bertum
324 1554 374 1611 ²9·
393 1530 492 1612 Sept.
511 1536 601 1610 1811,
619 1541 703 1597 vota
715 1530 899 1592 sollemnia
916 1530 998 1592 emi·

167 1653 213 1716 sit
230 1659 259 1716 3.
277 1655 371 1736 Aug.
394 1658 483 1734 1816,
501 1654 535 1714 in
552 1654 733 1714 doctorem
749 1651 998 1733 philosophiae

167 1787 350 1858 promotus
366 1775 528 1837 Viennae
550 1779 639 1855 1819,
663 1772 844 1854 professor
865 1775 999 1835 mathe-

166 1918 247 1960 seos
264 1908 299 1960 et
316 1898 487 1979 physicae
501 1896 665 1959 Goriciae
688 1901 865 1976 1819-22,
883 1895 916 1957 in
932 1916 960 1957 e.
970 1915 997 1958 r.

166 2021 259 2083 univ.
271 2020 521 2100 Oenipontana
535 2023 712 2098 1822—34,
723 2016 870 2098 eiusque
881 2025 999 2078 rector

167 2140 375 2224 magnificus
393 2151 428 2202 et
445 2142 602 2202 decanus
619 2138 796 2201 emeritus,
819 2136 997 2199 Canonice

166 2265 200 2325 in
217 2266 384 2325 abbatem
402 2262 537 2325 electus
555 2273 610 2324 est
628 2267 656 2323 3.
674 2262 749 2324 Iun.
768 2269 804 2322 et
820 2259 925 2322 mitra
938 2261 998 2321 de·

166 2395 309 2447 coratus
325 2382 466 2447 Graecii
489 2389 535 2447 18.
555 2384 629 2446 Iun.
652 2386 743 2464 1835,
766 2381 910 2463 inclytis
927 2389 997 2442 sta-

166 2507 261 2568 tibus
278 2504 419 2586 Styriae
437 2504 638 2586 adscriptus
661 2507 750 2580 1835,
769 2501 925 2565 consiliis
942 2521 996 2563 se·

165 2628 370 2691 lectioribus
402 2631 496 2704 1839;
528 2626 755 2707 plurimarum
784 2623 996 2685 societatum

165 2749 436 2811 scientificarum
454 2747 596 2810 sodalis
620 2747 698 2809 Res
723 2746 860 2827 pridem
886 2766 996 2828 angu-

165 2870 340 2932 stissimas
375 2869 578 2931 monasterii
614 2888 806 2950 prosperas
841 2866 996 2929 reddidit

164 2991 328 3072 vigilanti
342 3010 426 3052 cura
435 3001 542 3070 atque
552 2990 685 3052 sollerti
700 2989 881 3070 industria,
895 3008 995 3071 gym-

165 3113 302 3174 nasium
320 3112 562 3194 domesticum,
579 3113 674 3193 quod
688 3112 852 3190 desierat,
869 3109 994 3171 iterum

165 3233 280 3295 erexit
304 3235 408 3295 etad
433 3242 575 3312 tempus
600 3235 795 3312 (1840-50)
814 3230 993 3312 publicum

164 3355 340 3435 sustinuit,
358 3355 392 3416 in
408 3353 513 3416 Cellis
529 3353 700 3416 Marianis
715 3352 910 3414 saecularia
927 3352 995 3412 sol·

163 3477 291 3539 lemnia
313 3474 459 3559 originis
485 3481 562 3554 1857
582 3487 618 3538 et
638 3480 718 3552 1801
740 3474 911 3536 celebrari
936 3492 994 3536 cu·

163 3599 264 3662 ravit.
294 3602 370 3661 1861
390 3618 455 3679 pro
471 3598 540 3680 piis
556 3597 691 3659 meritis
707 3597 829 3659 ordine
847 3617 875 3659 c.
892 3617 918 3658 r.
937 3615 993 3659 co-

162 3742 271 3784 ronae
287 3721 424 3783 ferreae
446 3723 635 3782 decoratus
657 3729 720 3782 est.
746 3718 844 3782 Obiit
866 3718 899 3779 in
921 3738 993 3779 mo·

162 3843 327 3924 nasteri0,
345 3842 536 3923 apoplexia
552 3852 681 3921 tactus,
705 3861 729 3902 1.
748 3840 826 3903 Oct.
850 3845 941 3917 1864.

248 3965 361 4046 Typis
378 3964 539 4025 tradidit:

249 4091 270 4145 1.
296 4091 353 4144 Die
371 4089 587 4164 Hypsometric
609 4089 731 4144 mittelst
752 4088 993 4164 physikalischer

161 4193 427 4266 lleobachtungem
446 4193 520 4248 oder
537 4192 912 4267 theoretisch-praktische
930 4191 991 4246 An-

160 4298 273 4372 leitung
290 4318 342 4352 zur
358 4297 536 4370 Anstellung
553 4297 607 4352 der
624 4297 919 4370 meteorologischcn
935 4298 992 4352 Be-

160 4401 371 4476 obachtungen
397 4402 454 4456 und
472 4422 505 4456 zu
524 4402 576 4457 der
591 4400 851 4456 barometrischen
870 4402 991 4457 then·

161 4525 301 4579 messung
318 4505 406 4561 nebst
423 4507 488 4561 dem
508 4505 672 4561 Grundriss
695 4505 749 4560 der
772 4505 991 4561 thermometri·

159 4612 252 4666 seben
272 4610 329 4665 und
350 4610 547 4666 botanischen
566 4609 886 4683 thenbestimmung.
912 4606 941 4687 (i.
964 4628 990 4665 6.

160 4716 205 4770 De
223 4715 428 4790 hypsometria
445 4733 499 4789 per
512 4712 742 4770 observationes
756 4712 921 4792 physicas.)
937 4715 991 4769 biit

104 4895 109 4905 Ι
164 4835 173 4874 1
192 4819 390 4894 Kupsertalcl.
410 4817 587 4885 lnnsbruck‚
602 4822 639 4874 im
651 4820 676 4874 V
679 4819 763 4892 erlag
776 4817 830 4874 der
839 4818 989 4892 Wagner·

157 4923 249 4977 schen
267 4921 512 4995 Buchhandlung.
535 4923 624 4994 1834.
643 4922 685 4980 8⁰.
704 4922 764 4979 268
783 4943 812 4997 p.

246 5028 282 5081 11.
311 5027 517 5092 Trauerrede,
541 5042 746 5101 vorgetragen
770 5028 797 5081 in
822 5027 888 5082 dem
912 5027 940 5081 k.
958 5026 987 5081 k.
1028 5022 1030 5085 l

159 5114 443 5186 Uni1·ersitiitssaale
466 5130 513 5186 bei
537 5131 590 5186 der
611 5151 648 5186 an
670 5131 723 5187 der
740 5132 769 5186 k.
787 5131 816 5186 k.
834 5130 988 5205 Leopold·

159 5235 510 5291 Franzens-Unirersitzit
527 5236 602 5292 nach
619 5236 685 5291 dem
704 5233 841 5291 Ableben
860 5234 907 5291 Sr.
926 5236 988 5290 Ma-

154 5338 246 5410 766111
263 5339 358 5392 Franz
374 5339 405 5403 1.‚
424 5340 546 5394 Kaisers
560 5359 618 5394 1011
633 5339 828 5395 Oesterreich
846 5352 903 5394 616.
919 5351 987 5403 etc..

1078 695 1108 774 (i.
1127 719 1153 756 e.
1175 702 1282 756 Oratio
1300 700 1433 758 funebris
1449 700 1552 757 habita
1575 704 1604 757 in
1626 701 1696 757 aula
1714 704 1898 760 universitatis

1080 805 1310 880 Oenipontanae
1333 819 1404 880 post
1420 820 1547 862 mortem
1564 807 1589 861 F
1592 807 1725 862 rancisci
1742 806 1765 861 1.
1787 808 1896 882 impera·

1079 911 1154 964 toris
1163 908 1336 986 Austriaci.)
1349 909 1527 978 lnnsbruck,
1539 910 1695 984 gedruckt
1704 913 1758 966 mit
1767 911 1896 984 Wagner·

1079 1013 1172 1068 schen
1190 1010 1350 1069 Schriften.
1369 1013 1410 1071 8⁰.
1430 1029 1471 1070 20
1487 1034 1517 1088 p.

1165 1134 1217 1190 ΙΙΙ.
1243 1135 1464 1191 Akademische
1481 1135 1566 1192 Rede
1588 1135 1638 1192 bei
1663 1135 1718 1192 der
1734 1137 1895 1212 Jahresleier

1078 1236 1132 1293 der
1156 1238 1369 1294 Restauration
1393 1238 1447 1294 der
1470 1239 1498 1294 k.
1522 1239 1550 1297 k.
1575 1239 1892 1315 Leopold-Franzens·

1079 1342 1263 1398 Universitat
1278 1362 1313 1396 zu
1330 1341 1510 1398 lnnsbruck.
1529 1340 1559 1420 (i.
1574 1361 1601 1400 e.
1616 1344 1728 1400 Oratio
1744 1343 1891 1400 academica

1078 1443 1180 1501 habita
1204 1448 1232 1501 in
1257 1446 1459 1503 sollemnitate
1479 1467 1578 1504 annua
1600 1451 1827 1506 restaurationis
1841 1453 1888 1505 uui·

1079 1551 1231 1604 versitatis
1252 1548 1506 1629 Oenipontanae.)
1534 1552 1718 1620 lnnsbruck‚
1748 1553 1829 1626 1835,
1848 1573 1887 1628 ge·

1079 1651 1187 1708 druckt
1203 1655 1255 1709 mit
1273 1652 1512 1728 Wagner’schen
1528 1654 1696 1713 Schriften.
1715 1655 1758 1715 8⁰.
1776 1672 1812 1714 20
1825 1677 1848 1733 p.

1166 1797 1368 1894 Suppiger
1386 1813 1646 1877 Benedictus
1670 1815 1882 1895 (Murensisl,

1078 1937 1182 1990 natus
1195 1937 1250 1990 est
1265 1927 1490 1992 Willisaviae
1510 1930 1547 1992 in
1567 1931 1710 1994 Lucern
1726 1932 1881 1994 Helvetiae

1078 2047 1135 2109 die
1153 2052 1202 2110 26.
1220 2050 1307 2113 Dec.
1329 2056 1420 2133 1739,
1438 2071 1575 2114 sacram
1592 2054 1810 2115 monasticen
1824 2071 1881 2132 pro·

1077 2168 1194 2231 fessus
1211 2171 1269 2232 die
1286 2176 1315 2234 ό.
1333 2172 1406 2234 Ian.
1425 2178 1505 2253 1759
1523 2184 1560 2236 et
1577 2177 1750 2237 sacerdos
1766 2175 1880 2256 inaugu-

1077 2301 1175 2353 ratus
1196 2293 1253 2354 die
1272 2313 1299 2371 7.
1318 2294 1405 2376 Apr.
1427 2300 1517 2374 ¹7⁶4·
1542 2296 1679 2359 Docuit
1700 2297 1880 2378 theologiam

1078 2421 1113 2474 et
1138 2412 1203 2474 fuit
1226 2413 1416 2476 instructor
1438 2414 1606 2498 fratrum,
1634 2419 1807 2499 parochus
1825 2417 1881 2479 llu-

1076 2535 1190 2595 rensis
1204 2539 1380 2616 1778-85,
1391 2537 1545 2618 denique
1556 2538 1795 2602 confessarius
1806 2558 1880 2600 sanc·

1077 2655 1310 2719 timonialium
1337 2658 1637 2723 Hermetisvillae.
1675 2661 1830 2725 Decessit
1850 2680 1880 2721 61

1076 2780 1142 2840 hac
1160 2779 1234 2840 vita
1251 2780 1308 2841 die
1332 2800 1402 2861 qua
1423 2791 1529 2843 natus
1551 2793 1617 2865 est,
1646 2789 1698 2847 26.
1715 2784 1796 2847 Dec.
1814 2787 1879 2846 1828.

1075 2899 1238 2982 Reliquit
1262 2922 1369 2963 unum
1393 2905 1620 2987 opusculum,
1646 2909 1743 2987 quod
1764 2927 1805 2969 ex
1826 2907 1879 2966 eius

1076 3022 1218 3104 scriptis
1241 3023 1387 3105 collegit
1404 3024 1443 3087 P.
1461 3025 1619 3088 Basilius
1636 3027 1820 3105 Hausherr,
1838 3027 1879 3086 de·

1076 3163 1185 3205 canus
1203 3144 1394 3207 Murensis:

1163 3271 1226 3325 Der
1243 3270 1381 3344 Umgang
1398 3273 1450 3327 mit
1466 3271 1552 3329 Gott.
1578 3274 1709 3332 Constat
1724 3291 1740 3348 3
1759 3274 1876 3352 partibus:

1075 3373 1113 3429 de
1130 3376 1259 3440 motivis,
1284 3375 1388 3430 mediis
1412 3389 1442 3431 et
1464 3378 1550 3451 praxi
1576 3382 1811 3436 conversationis
1832 3396 1876 3433 cun

1076 3479 1152 3534 De0.
1172 3494 1187 3533 2
1203 3479 1262 3535 101.
1277 3485 1319 3551 4⁰.
1338 3494 1394 3551 172
1410 3493 1440 3535 et
1457 3479 1515 3536 168
1525 3501 1555 3555 p.
1570 3482 1605 3537 In
1618 3482 1693 3540 bibl.
1707 3483 1876 3541 hluto-Orici.

1074 3582 1150 3637 Cod.
1170 3598 1198 3639 2.
1218 3598 1267 3654 24,
1287 3597 1336 3654 25.

1162 3726 1436 3802 Susterschitz
1456 3741 1668 3806 Ernestus
1687 3744 1876 3826 (Mollieru-

1073 3854 1153 3936 sis),
1171 3866 1276 3917 natus
1292 3856 1453 3919 Viennae
1479 3858 1537 3920 die
1562 3864 1592 3922 8.
1611 3861 1718 3925 Mart.
1740 3882 1809 3941 ¹747
1828 3862 1873 3921 ian

1077 3983 1123 4040 13.
1142 3978 1230 4040 Nov.
1252 3983 1331 4057 1765
1350 3980 1511 4042 sollemni
1528 3992 1615 4045 voto
1637 3980 1874 4067 congregationi

1072 4112 1216 4163 nostrae
1240 4102 1452 4184 adscriptus,
1477 4123 1529 4167 21.
1551 4105 1660 4169 Mart.
1687 4128 1761 4186 1771
1788 4122 1874 4168 sacer-

1073 4224 1169 4285 dotio
1191 4224 1350 4286 initiatus
1372 4235 1436 4288 est.
1461 4226 1610 4309 Postea,
1638 4231 1705 4292 etsi
1729 4231 1763 4292 in
1784 4244 1874 4291 mona·

1072 4345 1181 4407 sterio
1199 4365 1340 4427 quoque
1357 4347 1539 4429 sacristae,
1565 4352 1770 4432 exceptoris
1787 4345 1873 4428 hospi·

1071 4478 1144 4528 tum
1168 4487 1210 4529 ac
1232 4466 1429 4548 subprioris
1452 4471 1662 4534 muneribus
1685 4473 1816 4536 functus
1834 4468 1872 4543 sil.

1071 4589 1261 4651 maximam
1286 4599 1404 4651 tamen
1428 4589 1526 4652 vitae
1555 4612 1645 4655 suae
1669 4605 1800 4675 partem
1820 4603 1872 4651 tm

1070 4709 1224 4771 vicarius
1242 4709 1275 4771 in
1293 4710 1543 4793 Wullersdorf,
1562 4713 1787 4793 Immendorf,
1800 4710 1872 4774 1161-

1070 4831 1235 4911 kendorf,
1262 4842 1336 4894 tum
1361 4836 1538 4913 parochus
1564 4835 1601 4898 in
1628 4837 1769 4917 Protes,
1793 4832 1871 4897 Gain-

1069 4951 1186 5033 fahrn,
1209 4953 1237 5014 F
1241 4954 1395 5015 ahndorf
1411 4965 1446 5016 et
1468 4956 1699 5042 Immendorf,
1717 4959 1810 5021 immo
1823 4955 1869 5015 iam

1069 5073 1144 5136 fere
1162 5094 1273 5136 senex
1290 5077 1336 5136 ob
1352 5079 1581 5140 sacerdotum
1599 5081 1780 5161 penuriam
1797 5090 1868 5154 repe·

1069 5195 1144 5257 titis
1161 5196 1299 5258 vicibus
1316 5198 1510 5280 expositus,
1537 5199 1575 5261 in
1600 5221 1685 5264 cura
1712 5201 1866 5263 animarum
1919 5276 1921 5297 Ι

1069 5319 1275 5383 consumsit.
1301 5318 1387 5382 Cum
1412 5320 1568 5402 denique
1592 5343 1658 5404 per
1685 5326 1769 5386 duos
1786 5330 1865 5383 annos

158 5459 203 5495 nm
237 5441 282 5497 18.
313 5443 393 5496 hliirz
427 5442 503 5514 1835
534 5441 754 5517 abgehaltenen
782 5442 986 5498 Trauerseier.
1024 5434 1028 5501 1
1069 5440 1192 5530 merita
1225 5441 1344 5520 quiete
1375 5450 1411 5502 et
1441 5443 1650 5506 valetudine
1689 5445 1771 5507 satis
1795 5439 1864 5502 finnt
