4034 6262
29 5580 100 5877 l

909 486 1165 572 ..96-

374 690 407 772 1)
424 687 522 751 Libri
538 685 781 768 manuscripti.

252 864 274 919 l.
297 860 538 918 Commentarius
554 853 585 914 in
600 856 727 913 Arnoldi
744 857 866 914 Corvini
883 860 928 914 ius
946 876 995 914 ca·

162 971 303 1026 nonicum
313 983 379 1023 cum
389 965 521 1039 epitome
531 963 763 1038 praenotionum
773 965 995 1028 canonicarum,

163 1094 218 1131 ceu
232 1071 471 1147 supplementum
484 1065 570 1122 titulo
582 1067 680 1141 primo
693 1068 910 1123 institutionum
923 1069 996 1124 iuris

162 1177 300 1235 canonici
326 1171 452 1228 Arnoldi
475 1154 600 1227 Corvini
623 1169 802 1245 subrogata.
831 1178 873 1228 2⁰.
900 1185 942 1244 30
966 1191 995 1247 p.

162 1282 197 1339 V.
220 1294 267 1353 17.

250 1384 288 1439 II.
304 1384 403 1439 Notae
419 1382 448 1436 in
465 1382 510 1435 ius
527 1382 703 1436 canonicum
720 1379 845 1436 Arnoldi
862 1381 995 1436 Corvini.

163 1496 203 1545 2⁰.
226 1501 282 1559 132
301 1505 331 1562 p.
349 1485 385 1541 1'.
408 1483 454 1541 18.

247 1591 300 1645 III.
325 1589 568 1645 Commentarius
595 1590 624 1643 in
648 1588 775 1643 Arnoldi
799 1588 922 1645 Corvini
950 1590 995 1644 ius
1033 1594 1036 1701 7

161 1697 350 1752 canonicum.
367 1699 410 1764 4⁰.
428 1693 469 1749 IV
486 1694 569 1748 tomi.
586 1693 622 1750 V.
644 1708 691 1765 19.

247 1797 298 1854 11'.
320 1796 532 1853 bleditationes
554 1798 583 1852 in
603 1798 649 1852 ius
667 1799 843 1853 canonicum
861 1798 993 1855 Corvini.

161 1910 203 1960 2⁰.
220 1900 282 1974 365
301 1920 330 1977 p.
348 1901 385 1958 1'.
403 1916 453 1957 20.

248 2025 283 2081 1’.
308 2024 355 2080 De
372 2023 521 2097 fugiendis
537 2023 620 2079 falsis
637 2024 831 2099 praeiudiciis
848 2027 876 2079 in
893 2043 993 2081 emen-

160 2128 281 2185 datione
299 2127 510 2204 philosophiae
526 2126 592 2184 libri
610 2127 679 2184 duo.
704 2128 801 2184 Huius
821 2130 924 2204 operis
941 2148 993 2184 ex-

159 2246 242 2289 stant
258 2232 324 2289 sola
345 2235 402 2289 tria
422 2234 518 2308 prima
539 2233 670 2308 capitula
687 2232 753 2289 libri
770 2235 866 2308 primi,
892 2247 993 2289 cetera

158 2337 278 2394 desunt.
296 2337 333 2394 V.
351 2352 402 2392 21.
1030 2368 1033 2387 .

247 2459 299 2516 VI.
317 2459 560 2525 Demonstratur,
578 2459 686 2515 nullam
705 2473 810 2515 contra
826 2459 992 2516 doctrinam

160 2563 270 2620 Galilei
288 2565 480 2619 constitutam
498 2581 567 2619 esse
583 2562 717 2637 regulam
739 2563 807 2620 fidei
830 2576 860 2619 et
880 2582 917 2620 ne
938 2583 993 2640 po·
1046 2614 1050 2623 .

160 2670 255 2724 tuisse
272 2667 392 2742 quidem
409 2667 507 2723 condi.
525 2667 634 2723 Oratio
650 2666 833 2724 academica.
851 2669 886 2726 V.
904 2684 955 2725 22.

246 2790 312 2846 VII.
336 2789 383 2845 De
400 2788 590 2864 providentia
607 2789 663 2844 Dei
684 2807 740 2864 per
759 2807 809 2845 res
830 2789 992 2846 litterarias
1030 2828 1033 2917 7

160 2893 360 2950 manifestata.
378 2894 485 2948 Oratio
501 2893 684 2949 academica.
701 2894 737 2950 V.
756 2908 806 2965 23.

246 3015 327 3072 VIII.
341 3015 388 3071 De
400 3015 611 3091 philosophica
624 3015 673 3070 illa
686 3017 812 3089 regione
823 3015 991 3072 Themistii.

161 3119 269 3176 Oratio
285 3119 469 3175 academica.
486 3119 522 3175 V.
541 3134 592 3191 24.
1030 3166 1033 3173 .

246 3242 297 3297 IX.
316 3242 362 3297 De
379 3243 548 3315 ignorantia
565 3243 815 3317 ignorantiaeque
826 3245 927 3299 causis
940 3261 992 3298 ra-

159 3348 221 3402 riis.
246 3347 354 3402 Oratio
371 3344 554 3401 academica.
571 3345 607 3402 V.
626 3359 675 3417 25.

245 3467 282 3522 X.
297 3467 344 3522 De
358 3466 437 3523 cultu
451 3468 596 3523 maiorum
610 3480 640 3522 et
652 3467 788 3540 Xongthi
801 3466 881 3543 apud
892 3467 989 3525 Sinas.

159 3570 267 3626 Oratio
284 3570 458 3626 academica
474 3570 575 3627 habita
596 3585 686 3644 1773.
703 3572 739 3628 V.
758 3569 808 3628 26.
1029 3576 1032 3657 7

243 3693 297 3749 XI.
315 3693 361 3749 De
378 3695 508 3748 vanitate
525 3694 711 3767 astrologica
727 3707 758 3749 et
769 3713 843 3750 vera
859 3694 989 3751 siderum

157 3799 267 3853 virtute
283 3816 300 3853 e
317 3799 454 3871 genuinis
471 3798 624 3873 principiis
641 3798 860 3872 investiganda.
882 3799 989 3855 Oratio
1028 3868 1031 3893 r
1070 3842 1867 3923 rnrepubrrcainterdumposse,immodebere·01211'⁰

156 3901 330 3958 academica
347 3900 449 3958 habita
471 3899 560 3974 1776.
577 3902 612 3958 V.
632 3917 681 3974 27.

243 4006 310 4061 XII.
329 4005 376 4061 De
393 4020 576 4062 cometarum
593 4009 771 4081 praesagiis.
795 4007 903 4063 Oratio
919 4025 988 4063 aca-

155 4109 271 4167 demica
288 4107 390 4165 habita
410 4107 500 4183 1769.
518 4111 554 4167 V.
573 4109 623 4166 28.
1027 4174 1029 4191 7

241 4215 323 4270 XIII.
342 4215 388 4270 De
405 4217 522 4289 magiae
538 4217 675 4272 veritate.
694 4216 802 4272 Oratio
814 4214 988 4271 academica
1026 4196 1029 4273 l

154 4318 256 4376 habita
278 4317 368 4392 1768.
386 4319 422 4376 V.
441 4334 491 4392 29.
1026 4358 1029 4373 .

241 4442 321 4499 XIV.
333 4441 511 4497 Delenditur
520 4443 632 4497 veritas
645 4456 833 4517 spectrorum
844 4442 986 4496 visorum.

157 4543 264 4600 Oratio
280 4545 454 4601 academica
471 4545 573 4602 habita
594 4544 684 4618 1776.
702 4545 738 4601 V.
755 4559 807 4616 30.
1025 4604 1028 4643 1

240 4667 305 4722 XV.
323 4667 356 4721 In
373 4667 490 4722 laudem
508 4668 685 4742 principum,
707 4669 757 4742 qui
781 4667 986 4742 iurispruden-

157 4768 225 4824 tiam
252 4771 417 4826 naturalem
446 4771 612 4827 docendam
642 4773 841 4846 praecipiunt.
877 4771 985 4827 Oratio
1024 4812 1027 4867 7

156 4872 326 4929 academica
343 4873 445 4930 habita
467 4890 556 4948 1752.
574 4877 609 4932 V.
627 4890 679 4947 31.

241 4996 320 5052 XVI.
338 4998 384 5052 Ile
401 5016 487 5072 pace.
505 4999 613 5053 Oratio
629 4998 811 5089 academica.
829 4999 865 5054 V.
882 5012 933 5069 32.
1023 5034 1025 5107 7

241 5117 335 5172 XVII.
350 5118 502 5193 Apologia
518 5138 575 5193 pro
589 5120 744 5174 retinendo
757 5122 821 5175 iure
835 5123 983 5175 communi
1023 5148 1025 5205 7

158 5230 187 5270 et
207 5221 293 5276 111111.
319 5224 427 5277 Oratio
451 5224 623 5278 academica
644 5223 745 5279 habita
766 5238 857 5296 1750.
879 5224 914 5280 V.
932 5238 983 5295 33.
1023 5215 1025 5243 ³

243 5340 352 5396 111'111.
368 5343 413 5396 lle
426 5342 542 5398 theoria
555 5345 806 5418 iurisprudentiae
820 5363 886 5400 cum
899 5349 982 5419 praxi
1022 5292 1025 5427 l

159 5442 375 5513 coniungenda.
393 5446 500 5499 Oratio
517 5446 698 5504 academica.
715 5449 751 5505 V.
769 5462 820 5519 34.
1022 5434 1025 5503 l

1162 691 1243 746 XIX.
1272 690 1319 746 De
1342 690 1458 747 honore
1480 709 1517 748 ac
1539 692 1737 748 veneratione
1757 694 1917 770 iurispru-

1076 794 1195 851 dentiae
1219 813 1325 852 sacrae
1347 795 1506 853 hodiedum
1529 795 1644 853 debita.
1669 795 1770 852 Oratio
1787 787 1919 853 trade·

1076 900 1153 956 mica
1168 898 1270 956 habita
1289 914 1380 973 1770.
1396 902 1432 958 V.
1449 915 1500 973 35.

1162 1006 1229 1062 XX.
1251 1005 1297 1061 De
1313 1008 1437 1062 notione
1452 1007 1582 1081 genuina
1598 1004 1745 1062 libertatis
1758 999 1918 1061 ecclesia·

1076 1111 1181 1166 sticae.
1199 1110 1307 1166 Oratio
1322 1110 1495 1167 academica
1510 1109 1615 1166 habita
1636 1122 1724 1184 1771.
1740 1109 1772 1166 V.
1785 1107 1825 1180 36.

1162 1215 1244 1270 XXI.
1261 1215 1375 1271 Contra
1387 1215 1525 1271 occultos
1537 1213 1689 1270 ecclesiae
1704 1212 1917 1270 insidiatores

1078 1318 1185 1374 Oratio
1202 1319 1375 1375 academica
1392 1318 1494 1375 habita
1514 1319 1606 1394 1765.
1623 1319 1660 1376 V.
1678 1333 1728 1393 37.

1163 1423 1259 1480 XXII.
1273 1423 1386 1480 Contra
1398 1422 1623 1480 obtrectatores
1635 1424 1787 1499 potestatis
1797 1418 1917 1479 eccle

1034 1560 1037 1577 .
1076 1529 1227 1584 siasticae.
1250 1529 1357 1585 Oratio
1373 1528 1547 1584 academica
1563 1525 1668 1584 habita
1688 1541 1773 1601 1775.
1791 1527 1821 1583 V.
1844 1521 1917 1596 35

1161 1632 1272 1689 XXIII.
1281 1634 1594 1689 Hostesauctoritatis
1603 1631 1916 1707 ecclesiastieaepes

1075 1737 1149 1792 sime
1172 1736 1336 1793 abutuntur
1358 1738 1512 1793 Iustiniani
1537 1737 1729 1812 imperatoris
1754 1733 1916 1810 exempl<

1075 1843 1183 1898 Oratio
1199 1840 1382 1899 academica.
1400 1842 1436 1898 V.
1453 1856 1505 1915 39.

1159 1948 1269 2004 XXIV.
1297 1948 1344 2004 De
1371 1947 1493 2003 crImine
1524 1945 1709 2002 famosorum
1738 1944 1915 2001 libellorur

1074 2066 1179 2107 contra
1196 2071 1343 2128 personas
1360 2069 1464 2108 sacras
1480 2063 1510 2107 et
1523 2050 1694 2125 religiosas.
1712 2050 1810 2107 Oratio
1823 2067 1915 2105 aea

1073 2155 1188 2211 demica
1204 2156 1307 2213 habita
1328 2154 1418 2229 1781.
1434 2155 1471 2211 V.
1489 2169 1541 2228 40.

1159 2261 1253 2317 XXV.
1271 2260 1499 2337 Sponsaliorum
1516 2278 1628 2317 causae
1644 2258 1833 2316 iurisdictioni
1874 2279 1914 2316 et

1073 2364 1262 2421 clesiasticae
1275 2365 1472 2421 vindicantur.
1491 2364 1601 2420 Oratio
1617 2363 1785 2420 academica
1799 2363 1914 2421 habit

1077 2466 1168 2542 1769.
1186 2469 1221 2526 V.
1239 2485 1290 2540 41.

1158 2574 1268 2631 XXVI.
1286 2574 1333 2630 De
1345 2574 1463 2631 divinae
1479 2575 1556 2650 legis
1572 2578 1600 2631 in
1617 2576 1780 2633 homicidas
1790 2576 1816 2630 vi
1842 2595 1913 2651 per

1072 2678 1198 2735 durante
1210 2679 1309 2754 deque
1322 2681 1386 2735 eius
1399 2681 1588 2754 mitigatione
1600 2699 1656 2756 per
1667 2681 1764 2755 legem
1774 2683 1912 2754 gratiae

1073 2784 1181 2839 Oratio
1198 2783 1371 2839 academica
1387 2783 1489 2840 habita
1511 2799 1602 2859 1774.
1619 2785 1656 2842 V.
1674 2800 1724 2858 42.

1158 2888 1281 2944 XXVII.
1299 2889 1345 2944 De
1362 2887 1453 2944 modo
1466 2889 1667 2965 extorquendi
1684 2888 1910 2947 consessionem

1073 2995 1225 3049 criminum
1239 3011 1293 3068 per
1306 2992 1386 3049 diras
1395 2996 1592 3069 quaestiones
1604 3012 1658 3051 seu
1672 3006 1804 3050 torturas.
1828 2994 1906 3050 Ora·

1073 3099 1114 3153 tio
1131 3097 1315 3154 academica.
1332 3099 1368 3154 V.
1385 3113 1436 3170 43.

1158 3202 1297 3258 XXVIII.
1319 3202 1365 3258 De
1387 3205 1466 3258 iusto
1486 3221 1523 3258 ac
1541 3203 1683 3278 prudenti
1699 3203 1895 3259 moderamine

1073 3308 1101 3362 in
1126 3325 1254 3363 censura
1278 3306 1431 3364 librorum.
1465 3309 1573 3365 Oratio
1600 3309 1769 3366 academica
1792 3307 1888 3363 habita

1076 3424 1166 3484 1775·
1183 3411 1218 3466 V·
1236 3427 1288 3484 44·

1158 3516 1268 3571 XXIX.
1285 3516 1319 3571 In
1335 3516 1452 3572 laudem
1468 3519 1650 3574 venationis.
1672 3518 1772 3574 Oratio
1785 3512 1878 3571 acade-

1072 3622 1148 3675 mica
1165 3618 1266 3675 habita
1288 3618 1378 3693 1766.
1396 3621 1436 3677 V:
1449 3636 1500 3694 45.

1157 3744 1253 3798 XXX.
1264 3742 1442 3799 Ostenditur
1450 3744 1629 3819 religionem
1642 3745 1760 3802 alienam
1772 3737 1869 3798 tolerari

1069 3950 1240 4007 academica
1256 3949 1358 4007 habita
1379 3950 1469 4024 1784.
1486 3951 1523 4008 V.
1540 3950 1593 4025 46.

1155 4074 1265 4129 XXXI.
1284 4073 1491 4130 Ostenduntur
1511 4076 1651 4150 ingentes
1667 4074 1832 4132 difficultates
1846 4064 1863 4116 in

1068 4197 1141 4235 casu
1172 4177 1347 4234 tolerandae
1379 4178 1536 4253 religionis
1567 4179 1714 4237 adversae
1736 4191 1789 4235 ante
1812 4184 1863 4226 ren

1068 4282 1291 4358 ponderandae.
1306 4283 1413 4338 Oratio
1426 4283 1563 4341 academ.
1576 4283 1680 4343 habita
1695 4283 1770 4360 1784.
1780 4279 1809 4336 l'·
1823 4283 1861 4342 41·

1153 4406 1279 4461 XXXII.
1301 4406 1360 4461 Pro
1381 4404 1532 4463 bonorum
1549 4409 1798 4465 ecclesiasticorum
1822 4395 1861 4448 5¹¹¹·

1067 4513 1209 4567 munitate
1232 4512 1259 4565 in
1277 4509 1449 4566 Germania.
1474 4512 1585 4569 Oratio
1605 4496 1859 4570 academitahab1¹1³

1070 4616 1161 4689 1780.
1179 4616 1213 4672 1⁷.
1232 4616 1282 4689 48.

1152 4721 1292 4781 XXXIII.
1311 4721 1499 4790 Ostenditur,
1518 4742 1574 4798 per
1590 4742 1694 4799 pacem
1709 4703 1854 4790 11'estph2l1'·

1067 4844 1131 4882 cam
1155 4825 1264 4881 nullum
1289 4845 1390 4881 rerum
1416 4828 1461 4881 ius
1485 4829 1569 4882 circa
1589 4825 1670 4883 bona
1690 4810 1851 4882 ecclesiastlca

1066 4928 1304 5006 protestantibus
1321 4949 1409 4986 cessa
1425 4931 1603 4987 translatum
1626 4931 1721 4996 luisse,
1741 4922 1780 4983 sed
1799 4907 1848 4970 nihil

1065 5037 1120 5089 nisi
1138 5037 1364 5109 possessionem
1382 5035 1587 5091 illacessitam.
1606 5037 1708 5093 Oratio
1718 5018 1845 5089 acadcffllsa

1065 5138 1168 5194 habita
1189 5138 1277 5210 1785.
1295 5139 1330 5194 V.
1348 5155 1398 5211 49.

1151 5242 1288 5299 XXXIV.
1314 5243 1371 5297 Pro
1396 5242 1554 5301 Bonilacio
1582 5265 1661 5323 papa
1683 5236 1837 5301 1111c011tm

1064 5346 1231 5421 Philippum
1249 5346 1421 5414 Pulchrum,
1444 5366 1549 5422 regern
1567 5351 1745 5406 Francorum.
1763 5326 1834 5392 0s³l⁰

1064 5450 1235 5506 academica
1251 5449 1351 5507 habita
1368 5454 1448 5508 cirea
1464 5471 1574 5509 annum
1596 5468 1683 5528 1750.
1697 5452 1727 5508 V.
1739 5457 1776 5518 50·
