4034 6262
724 517 1006 587 ,117-

128 711 192 773 hoc
216 708 291 771 suis
314 707 480 790 auspiciis
503 715 669 790 coeptum
690 717 726 768 et
746 725 826 787 per·

123 854 134 895 1
157 840 212 894 est
231 831 268 894 in
285 830 407 912 primis
428 850 537 913 opera
553 829 657 893 Pauli
672 830 826 892 Ketten-

123 962 157 1017 et
173 952 320 1016 consilio
336 952 512 1016 seniorum
528 963 670 1035 patrum
689 972 710 1014 a
730 951 826 1032 capi-

124 1075 347 1157 elegatorum.
372 1074 418 1137 Et
437 1074 524 1137 istas
544 1073 826 1154 constitutiones,

124 1197 219 1261 tione
242 1217 264 1258 a
284 1216 324 1259 se
344 1197 478 1277 scripta
498 1196 652 1259 munitas
676 1206 712 1258 et
735 1195 826 1258 iuste

124 1321 254 1403 lgatas,
279 1329 319 1381 ut
342 1338 463 1382 omnes
486 1318 674 1382 reverendi
694 1328 826 1400 patres,

124 1441 259 1504 clerici
275 1451 313 1504 et
327 1441 456 1504 fratres
469 1440 632 1505 conversi
647 1443 739 1503 bene
755 1458 827 1502 ser-

125 1613 134 1646 ,
155 1573 230 1626 tum
251 1582 317 1645 per
338 1565 512 1626 decanum
534 1571 730 1626 conventus
752 1571 828 1624 tum

124 1704 239 1748 :renue
260 1685 406 1767 quidem
430 1687 493 1748 sed
513 1695 664 1766 patemo
687 1704 828 1767 semper

124 1805 298 1871 ic'urabat.
312 1808 424 1871 Porro
437 1807 715 1871 haereditarium
727 1827 828 1871 acce·

125 1950 292 2014 magnum
315 1950 377 1994 aes
401 1931 568 2005 alienum;
594 1933 707 1993 abbas
730 1931 829 1993 nimi·

124 2052 328 2116 {oelestinus
359 2069 434 2117 tum
466 2063 614 2136 propter
648 2053 733 2117 belli
768 2073 829 2116 ex·

124 2195 172 2258 es,
195 2176 446 2239 rebellantium
469 2176 829 2239 Hauensteinensium

124 2317 178 2380 us,
194 2307 270 2360 tum
286 2298 322 2359 in
339 2318 469 2363 novum
485 2299 738 2361 monasterium
754 2319 776 2360 a
791 2318 830 2361 se

124 2429 219 2483 ctum
235 2421 377 2501 aliaque
397 2420 680 2483 extraordinaria
696 2439 830 2503 expen-

124 2561 169 2603 >ra
189 2542 311 2604 decies
328 2551 479 2605 centena
494 2542 603 2604 millia
618 2541 830 2605 florenorum

124 2665 202 2726 dere
216 2665 383 2727 debebat.
401 2664 527 2726 Abbas
539 2664 715 2727 Martinus
731 2674 830 2727 ante-

124 2806 177 2849 um
201 2786 326 2849 honori
355 2796 391 2849 et
418 2786 469 2849 rei
493 2786 709 2849 domesticae
736 2787 830 2849 bono

124 2928 182 2972 ‚ere
202 2910 338 2991 volens,
360 2910 483 2992 primis
508 2910 627 2973 statim
647 2909 830 2992 regiminis

124 3049 223 3115 supra
240 3032 423 3095 dimidium
436 3032 527 3095 aeris
539 3033 646 3095 alieni
659 3032 830 3112 dissolvit,

124 3173 166 3217 ‚en
174 3156 290 3217 adhuc
303 3155 484 3237 ingentem
496 3155 727 3236 pecuniarum
739 3174 831 3218 sum·

124 3295 147 3338 ,n
160 3296 253 3340 nova
266 3276 429 3340 aedificia
442 3278 659 3341 exstruenda
672 3278 829 3341 contulit.

124 3398 372 3463 udies23.1ul.
394 3419 487 3462 anno
509 3404 589 3480 1768
610 3399 782 3463 coenobio
803 3419 829 3463 s.

143 3519 371 3602 irreparabile
401 3520 476 3584 fere
505 3522 670 3585 damnum
696 3523 829 3597 intulit;

124 3661 216 3706 oram
233 3643 367 3725 quippe
383 3644 605 3707 undecimam
618 3645 675 3707 die
688 3647 830 3709 sabbati

124 3783 164 3826 va
178 3767 266 3828 turri
288 3768 414 3829 aulaeo
436 3778 633 3831 conventus
653 3768 829 3852 imposita,

124 3888 257 3972 teignis
273 3889 446 3971 prorupit,
467 3900 502 3952 et
517 3889 626 3953 flante
642 3901 763 3954 austro
779 3891 829 3953 in-

124 4008 164 4072 »ili
180 4011 362 4074 celeritate
378 4021 474 4074 tecta
490 4012 600 4075 totius
616 4014 829 4095 monasterii,

124 4128 173 4194 iae
189 4145 225 4194 et
243 4132 411 4196 abbatiae
428 4133 478 4196 ita
495 4135 698 4216 consumsit,
719 4146 759 4197 ut
779 4136 830 4198 in-

124 4272 147 4315 es
160 4256 205 4317 ad
222 4274 396 4317 summum
417 4257 522 4318 horas
543 4276 613 4318 non
637 4257 706 4319 ista
726 4278 831 4339 gran·

124 4386 213 4440 ntum
228 4376 402 4460 aedificia,
424 4380 488 4441 sed
512 4389 548 4441 et
569 4379 765 4463 pistrinum,
782 4383 831 4444 la-

135 4508 169 4561 et
191 4497 395 4563 officialium
427 4502 497 4563 duo
524 4501 727 4565 habitacula
756 4503 832 4586 igni

124 4623 354 4684 secederent.
383 4623 425 4684 In
446 4622 589 4686 tertium
605 4643 717 4705 usque
738 4624 831 4689 diem

124 4743 233 4826 gratio
246 4745 463 4827 perduravit,
481 4745 669 4828 omniaque
685 4747 753 4809 sibi
770 4749 831 4810 ob-

124 4866 311 4948 ›nsumpsit,
328 4885 419 4948 quae
436 4886 505 4930 non
522 4869 629 4931 celeri
649 4868 736 4952 iuga
757 4869 832 4932 eius

141 4987 303 5050 subtrahi
338 4998 514 5069 poterant.
553 4990 613 5053 Ad
643 4983 832 5071 vesperam

131 5109 199 5173 diei
226 5111 390 5193 lugubris
417 5113 599 5175 monachis
627 5133 693 5176 nec
719 5114 833 5177 lectus

124 5241 216 5296 ctum
236 5232 423 5314 superfuit,
447 5232 518 5296 imo
538 5254 604 5297 nec
624 5234 737 5316 panis,
762 5255 832 5315 quo

124 5356 321 5418 [sedarent.
345 5352 614 5419 Sanctissimum
627 5357 697 5420 cito
714 5377 833 5419 serva·

124 5489 251 5542 ervata
267 5477 376 5541 etiam
389 5489 472 5543 sunt
484 5480 665 5561 complura
679 5497 765 5541 vasa
778 5498 833 5541 sa·

906 724 976 785 cra,
985 703 1067 765 dein
1078 702 1221 767 officina
1232 705 1569 770 medicamentorum
1582 718 1618 771 et
1630 720 1735 792 typo·

905 825 1066 908 graphia,
1082 826 1256 889 aerarium
1268 829 1420 912 abbatis,
1433 829 1624 912 archivum,
1636 851 1735 893 num-

906 949 1177 1031 mophylaceum
1197 958 1234 1012 et
1253 949 1490 1014 bibliothecae
1511 953 1573 1015 vix
1598 953 1736 1015 decima

906 1090 1000 1153 pars,
1014 1080 1157 1133 caetera
1169 1071 1287 1133 omnia
1298 1070 1447 1135 flammis
1460 1076 1633 1137 absumta.
1650 1073 1736 1136 Ter·

906 1211 985 1255 rore
1012 1190 1138 1254 animis
1165 1212 1332 1276 excussu,
1360 1195 1561 1276 superiores
1586 1196 1736 1276 primum

907 1314 1096 1396 agitabant
1111 1325 1239 1398 mente,
1257 1316 1320 1397 qui
1330 1319 1474 1380 tandem
1489 1328 1543 1383 tot
1556 1319 1739 1383 confratri·

907 1439 975 1500 bus
990 1437 1145 1519 hospitia
1160 1437 1400 1520 providerent.
1418 1438 1505 1504 Cum
1520 1441 1739 1523 sapientissi-

909 1580 1002 1623 mum
1033 1558 1174 1623 abbatis
1205 1561 1404 1644 consilium,
1437 1583 1483 1625 ex
1514 1583 1584 1645 quo
1614 1565 1739 1626 saltem

909 1682 1095 1744 duodecim
1122 1684 1323 1767 presbyteri
1347 1684 1505 1748 Blasiani
1532 1706 1611 1748 curn
1636 1706 1741 1767 supe·

908 1804 1000 1867 riore
1026 1804 1062 1867 in
1089 1805 1263 1869 asceterio
1286 1806 1429 1889 Augiae
1457 1808 1578 1871 divitis
1602 1811 1741 1892 regula-

908 1947 982 1989 rem
998 1927 1108 1989 vitam
1124 1928 1171 1989 ad
1187 1947 1302 1990 mores
1318 1930 1504 1992 Blasianos
1527 1932 1740 1994 adcomoda-

908 2058 981 2111 tam
1004 2049 1268 2131 continuarent,
1295 2050 1466 2132 episcopo
1490 2053 1643 2135 quidem,
1671 2074 1740 2117 non

910 2181 1028 2234 autem
1040 2171 1158 2234 curiae
1172 2170 1434 2236 Constantiensi
1446 2175 1631 2256 placuerit,
1649 2197 1741 2257 quae

911 2293 1030 2356 nescio
1043 2294 1127 2376 quid
1141 2294 1185 2355 de
1198 2294 1370 2357 eiusmodi
1384 2296 1629 2359 Blasianorum
1646 2301 1739 2361 colo-

910 2417 969 2478 nia
984 2416 1143 2498 timebat,
1160 2426 1328 2497 quattuor
1343 2428 1480 2482 tantum
1496 2420 1578 2482 illuc
1595 2421 1738 2503 dimissi,

909 2541 1029 2621 plures
1053 2540 1088 2601 in
1107 2541 1331 2603 monasteriis
1346 2541 1628 2626 Rhenaugiensi,
1654 2546 1741 2608 Zwi·

909 2661 1076 2743 fuldensi,
1104 2660 1378 2746 San-Gallensi,
1406 2664 1658 2748 Einsiedlensi,
1685 2668 1742 2730 Fi·

910 2784 1113 2866 schingensi
1134 2793 1217 2848 ets.
1240 2786 1338 2848 Petri
1359 2785 1624 2871 Salisburgensi
1645 2791 1739 2853 omni

910 2907 1068 2970 caritatis
1085 2906 1202 2970 officio
1219 2909 1362 2989 excepti
1379 2919 1470 2972 sunt.
1495 2908 1661 2975 Seniores
1678 2933 1741 2994 pa-

910 3043 983 3092 tres
1011 3039 1047 3093 et
1069 3028 1198 3093 fratres
1222 3031 1384 3094 conversi
1406 3033 1587 3096 meliorem
1610 3045 1742 3099 sortem

910 3153 1007 3217 nacti
1027 3162 1119 3235 sunt,
1143 3152 1178 3215 in
1199 3154 1455 3234 praeposituris
1476 3175 1503 3218 s
1520 3156 1631 3220 Blasii
1647 3159 1742 3221 aliis·

911 3295 980 3358 que
1004 3276 1166 3339 domibus
1190 3278 1371 3340 extraneis
1389 3290 1656 3345 commorantes,
1680 3283 1742 3345 Ad

909 3400 1039 3461 rudera
1058 3418 1085 3460 s.
1107 3398 1218 3461 Blasii
1240 3418 1352 3480 penes
1378 3401 1610 3464 celsissimum
1631 3405 1741 3467 abba-

910 3529 982 3582 tem
1005 3520 1251 3583 subsistebant
1270 3522 1311 3585 P.
1338 3523 1508 3605 decanus,
1535 3525 1741 3589 cellerarius

910 3644 1066 3727 Magnus
1086 3644 1217 3725 aliique
1238 3645 1353 3727 pauci,
1375 3646 1435 3726 qui
1458 3647 1682 3727 parochianis
1704 3648 1741 3711 in

910 3768 1041 3829 sacello
1064 3786 1091 3828 s.
1113 3767 1299 3830 Michaelis
1324 3778 1426 3830 extra
1453 3788 1570 3832 muros
1593 3770 1651 3831 vel
1674 3773 1741 3832 sub

910 3890 968 3952 dio
984 3888 1242 3970 praedicabant
1253 3900 1290 3953 et
1303 3890 1459 3953 divinum
1472 3890 1625 3953 officium
1638 3911 1742 3972 pera·

910 4013 1054 4094 gebant.
1078 4011 1301 4075 Habitabant
1316 4013 1352 4074 in
1368 4014 1472 4075 domo
1489 4014 1689 4076 cancellarii
1705 4025 1741 4077 et

911 4131 1112 4196 officialium
1128 4133 1341 4196 monasterii.

998 4256 1050 4318 At
1077 4276 1160 4319 mox
1186 4256 1340 4318 animum
1369 4256 1499 4319 adiecit
1526 4255 1741 4320 celsissimus

912 4377 1080 4460 princeps
1105 4380 1151 4440 ad
1176 4378 1414 4460 instauranda,
1439 4377 1649 4459 quantocius
1665 4377 1740 4441 fieri

912 4509 1048 4581 posset,
1074 4501 1262 4562 devastata
1283 4498 1459 4575 aedificia;
1485 4499 1639 4562 consiliis
1661 4520 1742 4564 con-

911 4622 993 4684 latis
1016 4640 1095 4683 cum
1118 4621 1322 4683 architectis
1345 4630 1382 4683 et
1405 4621 1490 4684 viris
1513 4640 1629 4684 rerum
1651 4624 1743 4703 peri·

912 4744 967 4825 tis,
989 4753 1164 4823 auctoque
1185 4743 1427 4825 operariorum
1447 4763 1593 4807 numero
1608 4743 1742 4808 factum

912 4875 981 4947 est,
1015 4874 1053 4927 ut
1084 4864 1250 4928 abbatiae
1287 4874 1324 4927 et
1355 4866 1518 4929 coenobii
1548 4868 1659 4930 moles
1692 4869 1743 4931 in·

913 4998 968 5050 tra
991 4996 1142 5068 quatuor
1162 5006 1274 5050 annos
1295 5007 1387 5051 novo
1408 4989 1598 5069 splendore
1620 5009 1743 5053 exsur-

912 5118 1024 5193 geret,
1034 5117 1071 5172 et
1079 5111 1192 5171 abbas
1205 5110 1274 5172 iarn
1286 5120 1477 5173 auctumno
1489 5111 1571 5173 anni
1589 5132 1665 5192 ¹771
1682 5114 1743 5174 ab·

911 5232 1044 5296 batiam
1079 5231 1295 5314 inhabitare,
1327 5241 1364 5295 et
1394 5233 1555 5295 monachi
1591 5233 1742 5315 dispersi

912 5364 1101 5418 auctumno
1119 5351 1255 5439 ¹772fad
1268 5356 1378 5417 aedes
1394 5374 1477 5418 suas
1490 5354 1606 5417 redire
1619 5364 1744 5435 potue·

912 5477 990 5539 rint.
1007 5475 1097 5537 Illud
1109 5494 1197 5537 vero
1213 5476 1349 5540 aerario
1362 5475 1620 5543 San-Blasiano
1631 5496 1744 5560 grave
