4034 6262
706 473 988 562 „385-

124 699 164 742 15
181 691 239 745 est
251 684 296 745 ad
309 681 496 743 ecclesiam
509 681 550 744 B.
560 679 603 742 V.
616 677 753 742 Mariae
769 677 804 739 in
842 672 847 711 ¹

140 805 265 867 album
282 823 395 887 prope
412 804 577 885 Pragam.

127 965 295 1040 hilologiae
318 968 451 1041 magistri
476 979 578 1041 partes
599 967 627 1020 in
647 964 804 1039 gymnasio

124 1073 234 1146 cripsit
247 1085 276 1127 et
288 1071 394 1127 litteris
407 1070 553 1146 gymnasii
568 1067 701 1125 eiusdem
711 1070 804 1124 Brau-

138 1191 218 1230 anno
236 1174 313 1247 1852
333 1176 472 1231 inscruit:
489 1173 646 1230 Wodurch
660 1172 734 1229 wird
751 1171 805 1228 der

124 1296 147 1334 2e
165 1278 336 1335 Unterricht
352 1281 381 1335 in
398 1278 455 1334 den
472 1275 603 1334 Schulen
620 1272 804 1333 erschwert?

124 1400 246 1476 Scripsit
262 1399 429 1456 honoribus
447 1401 680 1456 Eminentissimi
698 1397 804 1454 Cardi-

124 1505 308 1580 chiepiscopi
333 1505 494 1578 Pragensis
516 1503 660 1560 Friderici
685 1521 805 1560 carmen

125 1609 262 1686 politum.

125 1783 206 1848 tter
233 1787 429 1849 loannes
457 1786 806 1868 Nepomucenus

130 1905 805 1986 ovano-Braunensis),die27.Febr.

126 2026 301 2088 annaviae
319 2037 434 2109 natus,
455 2028 628 2090 absolutis
649 2028 684 2091 in
705 2049 806 2111 gym-

124 2147 195 2208 rbis
217 2148 356 2228 patriae
373 2149 499 2212 studiis
516 2149 713 2231 disciplinis
730 2150 806 2231 phi·

124 2268 167 2330 :is
183 2270 218 2332 in
234 2269 328 2334 univ.
346 2272 512 2354 Pragena
533 2291 679 2352 operam
696 2272 805 2336 dedit.

133 2395 194 2453 825
226 2403 365 2455 vestem
398 2393 543 2456 indutus
574 2395 806 2457 monasticam

124 2514 296 2596 tyrocinio
313 2516 358 2577 ad
373 2516 493 2578 studia
505 2517 707 2599 theologiae
720 2518 806 2581 Pra-

124 2655 202 2697 ssus
226 2647 291 2699 est.
315 2637 459 2699 Interim
486 2638 542 2700 die
568 2660 596 2716 9.
614 2639 703 2705 Nov.
725 2644 805 2703 1828

124 2757 159 2819 ia
174 2756 253 2819 Deo
271 2759 400 2821 obtulit
413 2769 508 2840 vota,
525 2780 567 2822 ac
581 2761 663 2824 dein
678 2782 728 2826 20.
742 2763 806 2826 Iul.

124 2881 240 2941 :erdos
250 2880 432 2942 ordinatus
446 2882 696 2962 esuperiorum
704 2904 807 2965 prae-

124 3000 363 3076 ablimioribus
380 3002 541 3065 incubuit
561 3005 688 3067 studiis
709 3006 807 3069 theo-

131 3143 299 3204 annoque
318 3128 398 3201 1834
420 3126 576 3187 lauream
601 3127 808 3191 doctoratus

124 3244 177 3307 iae
193 3256 247 3307 est
259 3246 422 3328 adeptus
435 3248 570 3310 Eodem
583 3269 676 3311 anno
689 3252 734 3313 ad
747 3272 808 3314 va-

127 3368 333 3450 theologiae
355 3370 580 3451 dogmaticae
603 3374 808 3435 cathedram

140 3490 457 3553 administrandam
473 3493 628 3575 Pragam
647 3505 807 3576 vocatus,

123 3611 302 3675 ofessoris
329 3615 463 3695 publici
491 3618 565 3680 ord.
592 3637 718 3680 munus
746 3619 808 3679 ob-

124 3760 128 3796 l
146 3735 240 3797 univ.
252 3734 448 3799 (iraecensi
465 3737 618 3821 Styriae,
638 3741 699 3802 ubi
712 3740 806 3803 illam

124 3857 293 3919 nateriam
316 3861 469 3922 docebat
489 3881 602 3942 usque
624 3866 715 3942 1842,
737 3884 806 3944 quo

124 3981 190 4041 lem
213 3982 418 4043 cathedram
435 3982 590 4065 Pragam
612 3986 807 4047 translatus

124 4120 169 4164 no
187 4104 418 4184 subsequenti
435 4104 588 4166 facultas
604 4106 807 4188 theologica

124 4223 335 4286 niversitatis
357 4244 437 4287 eum
458 4225 526 4287 sibi
547 4227 731 4290 constituit
747 4229 807 4291 de-

144 4345 295 4408 Biennio
322 4347 464 4429 Pragae
488 4347 550 4410 vix
574 4359 720 4431 exact0,
749 4351 807 4412 die

128 4488 157 4547 7.
180 4468 270 4533 Nov.
299 4474 379 4547 1844
407 4472 453 4531 ab
477 4471 661 4552 utriusque
687 4492 808 4535 mona-

124 4599 271 4653 >nventu
297 4593 410 4653 abbas
431 4592 807 4656 Bfevnoveno-Brau-

124 4713 258 4776 electus
283 4726 347 4775 est.
385 4719 464 4792 1854
489 4735 510 4776 a
534 4725 660 4777 senatu
681 4717 808 4778 acade-

124 4837 129 4898 l
145 4836 297 4898 rectoris
314 4835 493 4918 magnifici
510 4836 757 4919 magistratum
773 4838 809 4900 in

124 4978 257 5039 ragena
280 4967 465 5040 promotus
490 4958 569 5020 aliis
592 4979 662 5021 non
684 4961 808 5041 paucis

124 5080 250 5162 augeri
271 5079 473 5142 honoribus
512 5082 571 5143 Ab
597 5082 808 5164 augustissi-

128 5211 268 5264 eratore
290 5224 383 5265 anno
406 5206 531 5266 eodem
548 5204 807 5266 ordinisFran-

124 5324 212 5406 ephi
226 5327 522 5388 commendatoris
533 5346 647 5407 cruce,
661 5336 697 5390 et
709 5326 807 5407 prius

124 5465 162 5509 10
176 5467 223 5510 sc.
242 5452 322 5525 1848
340 5468 360 5509 a
378 5448 602 5510 serenissimo
616 5448 806 5512 Borussiae

885 695 971 759 rege
988 695 1092 738 cruce
1114 677 1158 739 de
1181 676 1300 756 aquila
1320 679 1426 739 rubra
1450 677 1648 759 decoratus,
1671 681 1716 739 ab

885 796 1162 861 eminentissimo
1178 800 1343 880 praesule
1359 799 1535 882 Pragensi
1557 819 1623 895 nec
1645 820 1715 862 non

885 923 931 983 ab
958 920 1194 983 illustrissimo
1222 921 1393 1003 episcopo
1419 922 1717 1005 Reginaehrade-

886 1042 984 1105 censi
1008 1043 1198 1106 consiliarii
1221 1043 1455 1107 ecclesiastici
1484 1053 1520 1107 et
1545 1046 1717 1108 consisto-

884 1164 1014 1227 riorum
1030 1165 1220 1229 assessoris
1243 1165 1419 1248 dignitate
1441 1178 1495 1229 est
1515 1167 1716 1250 insignitus.

885 1284 1003 1350 Sanus
1020 1306 1168 1369 corpore
1186 1299 1222 1351 et
1238 1289 1355 1351 animo
1377 1289 1434 1351 die
1460 1309 1506 1352 10.
1524 1290 1613 1352 Nov.
1636 1295 1716 1369 1878

885 1430 912 1474 5.
928 1409 1161 1493 professionis
1179 1411 1369 1474 iubilaeum
1387 1413 1592 1476 celebravit.

973 1548 1117 1633 Scripta
1133 1553 1180 1614 ab
1197 1571 1240 1615 eo
1256 1553 1291 1615 in
1307 1553 1422 1615 lucem
1439 1553 1665 1635 prodierunt:

973 1696 996 1751 l.
1009 1693 1161 1773 Jahrbuch
1174 1695 1221 1752 fur
1233 1695 1281 1753 die
1294 1697 1483 1754 katholische
1495 1696 1717 1756 Geistlichkeit.

884 1798 1151 1875 Jahrgang1839.
1173 1799 1264 1872 1840.
1286 1799 1315 1880 (1.
1340 1821 1365 1857 1.
1387 1802 1545 1858 Annalium
1567 1803 1649 1859 clero
1666 1823 1718 1860 ca-

887 1904 999 1961 tholico
1021 1905 1317 1962 adcommodatorum
1342 1925 1437 1963 annus
1463 1906 1542 1981 1839
1565 1906 1718 1986 111840.)

887 2009 1007 2066 Graecii
1032 2007 1162 2085 Styriae,
1186 2010 1266 2086 apud
1287 2011 1414 2066 Damian
1439 2025 1468 2067 et
1489 2011 1599 2086 Serge.
1630 2012 1716 2087 Sing.

886 2133 953 2170 ann.
971 2115 1030 2170 vol.
1049 2134 1097 2171 un.
1114 2121 1157 2188 4⁰.
1175 2134 1204 2190 p.
1228 2113 1284 2186 148
1303 2128 1333 2171 et
1354 2114 1421 2189 158.

972 2219 1010 2276 II.
1028 2217 1135 2276 Sermo
1152 2220 1315 2296 synodalis,
1339 2220 1458 2277 habitus
1482 2223 1511 2277 in
1534 2221 1718 2296 5111011011-

887 2323 1117 2380 chidioecesana
1143 2324 1288 2398 Pragensi
1322 2324 1400 2397 1863
1430 2325 1593 2383 celebrata.
1632 2327 1718 2382 Actis

887 2427 1019 2484 eiusdem
1036 2428 1143 2503 synodi
1160 2450 1190 2506 p.
1207 2430 1481 2487 XLIII-XLVIII
1498 2432 1637 2487 insertus.

973 2593 1171 2667 Rozenits
1205 2605 1350 2667 Lucas
1381 2606 1560 2668 Iacobus
1592 2609 1657 2689 (de
1690 2628 1717 2671 5.

886 2721 1027 2784 Monte
1047 2722 1318 2805 Pannoniae),
1341 2744 1395 2788 aa.
1416 2725 1476 2788 lib.
1501 2735 1537 2787 et
1561 2725 1719 2807 philoso-

887 2844 992 2926 phiae
1017 2846 1158 2926 doctor,
1187 2845 1368 2908 facultatis
1396 2847 1478 2927 phil.
1507 2847 1542 2910 in
1571 2868 1596 2910 r.
1622 2849 1717 2912 univ.

886 2967 1020 3031 Pestin.
1038 2968 1258 3050 collegiatus
1280 2967 1315 3030 in
1331 2968 1439 3031 Fiiles
1460 2989 1548 3033 com.
1566 2968 1718 3051 Sopron.

887 3089 923 3184 in
946 3088 1132 3172 Hungaria
1156 3089 1214 3152 die
1239 3109 1288 3153 20.
1311 3088 1416 3153 Mart.
1445 3097 1525 3170 1784
1549 3104 1664 3173 111115,
1690 3114 1718 3156 s.
1796 3094 1799 3099 '

887 3211 1012 3274 habitu
1033 3211 1090 3274 die
1108 3217 1136 3274 5.
1154 3212 1243 3275 Nov.
1266 3217 1344 3275 1803
1368 3213 1521 3295 indutus
1542 3226 1628 3277 vota
1649 3217 1718 3277 501-

886 3334 1016 3397 lemnia
1039 3335 1095 3397 die
1118 3355 1167 3397 20.
1185 3335 1290 3399 Mart.
1312 3338 1390 3398 1805
1414 3335 1530 3399 emisit
1555 3349 1591 3399 et
1614 3340 1720 3400 abso-

887 3457 971 3520 lutis
994 3457 1125 3520 Iaurini
1150 3470 1185 3521 et
1210 3458 1245 3520 in
1269 3480 1295 3521 s.
1319 3467 1438 3521 monte
1463 3479 1490 3522 s.
1512 3459 1718 3541 theologiae

887 3580 1014 3643 studiis
1030 3581 1088 3643 die
1106 3586 1155 3643 23.
1173 3580 1269 3662 Aug.
1287 3585 1367 3644 1808
1385 3581 1585 3643 sacerdotio
1601 3582 1719 3645 initia-

887 3714 944 3766 tus
961 3714 1024 3765 est.
1054 3707 1222 3765 1808-10
1243 3703 1507 3764 administrator
1527 3704 1718 3783 parochiae

888 3825 922 3887 in
939 3825 1083 3907 Aszdfd,
1105 3829 1268 3887 1810—11
1285 3824 1321 3887 in
1337 3825 1483 3887 abbatia
1496 3825 1537 3889 B.
1550 3825 1598 3888 M.
1611 3825 1653 3887 V.
1673 3829 1718 3889 de

886 3947 1050 4028 Domolk,
1065 3953 1229 4010 1811-12
1245 3956 1364 4009 orator
1376 3968 1397 4010 a
1410 3947 1520 4010 sacris
1533 3947 1568 4010 in
1580 3968 1607 4011 s.
1622 3968 1719 4010 mon·

886 4078 933 4149 te,
954 4074 1120 4148 1812-17
1138 4068 1319 4152 professor
1336 4072 1431 4151 apud
1448 4070 1608 4131 alumnos
1622 4090 1649 4133 5.
1663 4091 1718 4132 or-

887 4191 978 4253 dinis
994 4192 1136 4273 taurini,
1163 4197 1330 4270 1817-30
1352 4192 1532 4273 professor
1547 4192 1717 4255 historiae

887 4313 1097 4376 universalis
1118 4325 1154 4376 et
1174 4334 1310 4396 pragm.
1331 4315 1660 4398 regniHungariae
1682 4317 1716 4379 in

887 4435 1071 4497 academia
1086 4435 1307 4518 Posoniensi,
1329 4438 1375 4498 ab
1396 4457 1488 4499 anno
1511 4441 1591 4500 1830
1607 4439 1717 4499 admi-

888 4556 1057 4619 nistrator
1073 4558 1264 4639 parochiae
1281 4559 1316 4621 in
1333 4558 1560 4642 Szentivany,
1582 4561 1641 4622 ubi
1660 4561 1717 4622 die

890 4682 939 4742 28.
957 4680 1019 4742 lul.
1042 4684 1121 4743 1835
1138 4680 1213 4742 vita
1230 4681 1347 4744 cessit.
1373 4680 1539 4762 Scripsit:

975 4807 997 4863 l.
1020 4805 1186 4863 Summaria
1204 4807 1386 4864 introductio
1402 4811 1431 4863 in
1447 4809 1637 4865 historiarum
1655 4825 1717 4865 stn-

888 4911 976 4978 dium,
994 4930 1082 4986 quam
1100 4913 1128 4966 in
1145 4932 1229 4968 usum
1242 4912 1411 4969 auditorum
1424 4932 1545 4970 suorum
1559 4912 1717 4970 elucubra-

888 5017 930 5072 vit
945 5016 1047 5072 Lucas
1065 5017 1226 5073 Rozenich.
1251 5019 1383 5074 Posonii.
1407 5016 1496 5092 1827.
1515 5019 1556 5076 8⁰.
1574 5034 1612 5090 42
1632 5039 1660 5094 p.

975 5140 1011 5195 II.
1033 5141 1186 5196 Historiae
1203 5143 1288 5215 regni
1305 5142 1479 5216 Hungariae
1496 5142 1716 5218 compendium,

888 5243 968 5318 quod
982 5246 1011 5299 in
1023 5264 1108 5300 usum
1122 5245 1291 5301 auditorum
1305 5248 1496 5302 concinnavit
1508 5246 1609 5303 Lucas
1619 5247 1716 5303 111111-

888 5347 955 5404 nich
972 5367 1000 5405 0.
1019 5368 1042 5404 s.
1060 5349 1092 5405 Β.
1117 5350 1250 5406 Ρο50111.
1272 5350 1313 5407 8⁰.
1336 5350 1365 5405 T
1367 5369 1425 5406 orn.
1448 5366 1472 5407 1.
1495 5350 1584 5408 1828.
1608 5350 1666 5424 285
1687 5372 1716 5427 p.

888 5452 977 5510 'lom
997 5469 1025 5510 2.
1047 5453 1136 5528 1829.
1155 5469 1216 5528 373
1236 5475 1264 5531 p.

1460 5571 1492 5620 49
