<?xml version="1.0" encoding="UTF-8"?>
<!DOCTYPE html PUBLIC "-//W3C//DTD XHTML 1.0 Transitional//EN"
    "http://www.w3.org/TR/xhtml1/DTD/xhtml1-transitional.dtd">
<html xmlns="http://www.w3.org/1999/xhtml" xml:lang="en" lang="en">
 <head>
  <title>
</title>
<meta http-equiv="Content-Type" content="text/html;charset=utf-8" />
  <meta name='ocr-system' content='tesseract 3.04.00' />
  <meta name='ocr-capabilities' content='ocr_page ocr_carea ocr_par ocr_line ocrx_word'/>
</head>
<body>
  <div class='ocr_page' id='page_1' title='image "./scriptoresordin00benegoog_0057.png"; bbox 0 0 4034 6262; ppageno 0'>
   <div class='ocr_carea' id='block_1_1' title="bbox 869 455 1163 518">
    <p class='ocr_par' dir='ltr' id='par_1_1' title="bbox 869 455 1163 518">
     <span class='ocr_line' id='line_1_1' title="bbox 869 455 1163 518; baseline -0.003 -1"><span class='ocrx_word' id='word_1_1' title='bbox 869 494 909 503; x_wconf 91' lang='lat'>—-</span> <span class='ocrx_word' id='word_1_2' title='bbox 955 455 1077 518; x_wconf 85' lang='lat' dir='ltr'>XLIV</span> <span class='ocrx_word' id='word_1_3' title='bbox 1123 493 1163 502; x_wconf 92' lang='lat'>—-</span> 
     </span>
    </p>
   </div>
   <div class='ocr_carea' id='block_1_2' title="bbox 67 665 1909 4369">
    <p class='ocr_par' dir='ltr' id='par_1_2' title="bbox 143 665 1909 1873">
     <span class='ocr_line' id='line_1_2' title="bbox 144 665 1909 766; baseline -0.003 -19"><span class='ocrx_word' id='word_1_4' title='bbox 144 682 312 766; x_wconf 90' lang='lat' dir='ltr'>opinione</span> <span class='ocrx_word' id='word_1_5' title='bbox 337 686 475 763; x_wconf 79' lang='lat' dir='ltr'>ductuS,</span> <span class='ocrx_word' id='word_1_6' title='bbox 498 682 599 744; x_wconf 89' lang='lat' dir='ltr'>brevi</span> <span class='ocrx_word' id='word_1_7' title='bbox 623 692 794 763; x_wconf 90' lang='lat' dir='ltr'>tempore,</span> <span class='ocrx_word' id='word_1_8' title='bbox 817 681 988 761; x_wconf 89' lang='lat' dir='ltr'>plurimas</span> <span class='ocrx_word' id='word_1_9' title='bbox 1011 681 1112 763; x_wconf 89' lang='lat' dir='ltr'>leges</span> <span class='ocrx_word' id='word_1_10' title='bbox 1135 665 1225 761; x_wconf 90' lang='lat' dir='ltr'>tulit,</span> <span class='ocrx_word' id='word_1_11' title='bbox 1243 681 1371 763; x_wconf 91' lang='lat' dir='ltr'>quibus</span> <span class='ocrx_word' id='word_1_12' title='bbox 1387 685 1680 747; x_wconf 84' lang='lat' dir='ltr'>monasteriorum</span> <span class='ocrx_word' id='word_1_13' title='bbox 1696 685 1766 766; x_wconf 90' lang='lat' dir='ltr'>ipsi</span> <span class='ocrx_word' id='word_1_14' title='bbox 1781 697 1909 748; x_wconf 62' lang='lat' dir='ltr'>ner-</span> 
     </span>
     <span class='ocr_line' id='line_1_3' title="bbox 143 818 1909 906; baseline -0.004 -20"><span class='ocrx_word' id='word_1_15' title='bbox 143 824 453 906; x_wconf 88' lang='lat' dir='ltr'>praecidebantur.</span> <span class='ocrx_word' id='word_1_16' title='bbox 500 821 540 884; x_wconf 93' lang='lat' dir='ltr'>In</span> <span class='ocrx_word' id='word_1_17' title='bbox 563 820 618 882; x_wconf 92' lang='lat' dir='ltr'>his</span> <span class='ocrx_word' id='word_1_18' title='bbox 646 819 881 882; x_wconf 83' lang='lat' dir='ltr'>nominandae</span> <span class='ocrx_word' id='word_1_19' title='bbox 908 829 1007 882; x_wconf 89' lang='lat' dir='ltr'>sunt:</span> <span class='ocrx_word' id='word_1_20' title='bbox 1040 830 1078 882; x_wconf 94' lang='lat' dir='ltr'>ut</span> <span class='ocrx_word' id='word_1_21' title='bbox 1109 820 1328 902; x_wconf 91' lang='lat' dir='ltr'>singulorum</span> <span class='ocrx_word' id='word_1_22' title='bbox 1356 818 1650 886; x_wconf 85' lang='lat' dir='ltr'>monasteriorum</span> <span class='ocrx_word' id='word_1_23' title='bbox 1674 818 1909 886; x_wconf 69' lang='lat' dir='ltr'>academia·</span> 
     </span>
     <span class='ocr_line' id='line_1_4' title="bbox 143 958 1890 1043; baseline -0.001 -18"><span class='ocrx_word' id='word_1_24' title='bbox 143 960 368 1043; x_wconf 83' lang='lat' dir='ltr'>theologicae</span> <span class='ocrx_word' id='word_1_25' title='bbox 392 961 612 1040; x_wconf 83' lang='lat' dir='ltr'>claudantur,</span> <span class='ocrx_word' id='word_1_26' title='bbox 635 979 680 1021; x_wconf 90' lang='lat' dir='ltr'>ne</span> <span class='ocrx_word' id='word_1_27' title='bbox 704 958 828 1021; x_wconf 90' lang='lat' dir='ltr'>novitii</span> <span class='ocrx_word' id='word_1_28' title='bbox 852 958 1086 1040; x_wconf 83' lang='lat' dir='ltr'>excipiantur,</span> <span class='ocrx_word' id='word_1_29' title='bbox 1110 978 1155 1021; x_wconf 89' lang='lat' dir='ltr'>ne</span> <span class='ocrx_word' id='word_1_30' title='bbox 1178 960 1296 1022; x_wconf 92' lang='lat' dir='ltr'>bullae</span> <span class='ocrx_word' id='word_1_31' title='bbox 1312 960 1371 1022; x_wconf 90' lang='lat' dir='ltr'>vel</span> <span class='ocrx_word' id='word_1_32' title='bbox 1386 962 1659 1025; x_wconf 86' lang='lat' dir='ltr'>constitutiones</span> <span class='ocrx_word' id='word_1_33' title='bbox 1683 962 1781 1024; x_wconf 90' lang='lat' dir='ltr'>sedis</span> <span class='ocrx_word' id='word_1_34' title='bbox 1797 980 1890 1043; x_wconf 77' lang='lat' dir='ltr'>ap</span> 
     </span>
     <span class='ocr_line' id='line_1_5' title="bbox 144 1098 1909 1180; baseline 0 -17"><span class='ocrx_word' id='word_1_35' title='bbox 144 1101 292 1164; x_wconf 89' lang='lat' dir='ltr'>stolicae</span> <span class='ocrx_word' id='word_1_36' title='bbox 324 1099 391 1162; x_wconf 92' lang='lat' dir='ltr'>nisi</span> <span class='ocrx_word' id='word_1_37' title='bbox 421 1099 635 1162; x_wconf 89' lang='lat' dir='ltr'>auctoritate</span> <span class='ocrx_word' id='word_1_38' title='bbox 665 1098 765 1180; x_wconf 91' lang='lat' dir='ltr'>regia</span> <span class='ocrx_word' id='word_1_39' title='bbox 797 1099 1081 1180; x_wconf 83' lang='lat' dir='ltr'>promulgentur,</span> <span class='ocrx_word' id='word_1_40' title='bbox 1112 1107 1152 1161; x_wconf 91' lang='lat' dir='ltr'>ut</span> <span class='ocrx_word' id='word_1_41' title='bbox 1183 1099 1515 1162; x_wconf 85' lang='lat' dir='ltr'>confoederationes</span> <span class='ocrx_word' id='word_1_42' title='bbox 1546 1099 1808 1179; x_wconf 87' lang='lat' dir='ltr'>dissolvantur,</span> <span class='ocrx_word' id='word_1_43' title='bbox 1866 1122 1909 1163; x_wconf 79' lang='lat'><strong>1</strong></span> 
     </span>
     <span class='ocr_line' id='line_1_6' title="bbox 143 1236 1909 1321; baseline 0.001 -19"><span class='ocrx_word' id='word_1_44' title='bbox 143 1238 322 1321; x_wconf 87' lang='lat' dir='ltr'>peregrini</span> <span class='ocrx_word' id='word_1_45' title='bbox 348 1237 586 1318; x_wconf 88' lang='lat' dir='ltr'>excipiantur,</span> <span class='ocrx_word' id='word_1_46' title='bbox 611 1245 649 1297; x_wconf 92' lang='lat' dir='ltr'>ut</span> <span class='ocrx_word' id='word_1_47' title='bbox 672 1236 872 1318; x_wconf 89' lang='lat' dir='ltr'>superiores</span> <span class='ocrx_word' id='word_1_48' title='bbox 896 1236 930 1298; x_wconf 94' lang='lat' dir='ltr'>in</span> <span class='ocrx_word' id='word_1_49' title='bbox 954 1238 1156 1299; x_wconf 84' lang='lat' dir='ltr'>exercenda</span> <span class='ocrx_word' id='word_1_50' title='bbox 1179 1236 1367 1319; x_wconf 88' lang='lat' dir='ltr'>disciplina</span> <span class='ocrx_word' id='word_1_51' title='bbox 1390 1249 1640 1320; x_wconf 87' lang='lat' dir='ltr'>coerceantur,</span> <span class='ocrx_word' id='word_1_52' title='bbox 1665 1251 1706 1302; x_wconf 92' lang='lat' dir='ltr'>ut</span> <span class='ocrx_word' id='word_1_53' title='bbox 1731 1242 1871 1303; x_wconf 80' lang='lat' dir='ltr'>abbat</span> <span class='ocrx_word' id='word_1_54' title='bbox 1895 1274 1909 1291; x_wconf 88' lang='lat'>·</span> 
     </span>
     <span class='ocr_line' id='line_1_7' title="bbox 144 1349 1871 1457; baseline -0.001 -16"><span class='ocrx_word' id='word_1_55' title='bbox 144 1376 434 1441; x_wconf 89' lang='lat' dir='ltr'>commendatarii</span> <span class='ocrx_word' id='word_1_56' title='bbox 458 1375 727 1455; x_wconf 87' lang='lat' dir='ltr'>constituantur,</span> <span class='ocrx_word' id='word_1_57' title='bbox 752 1384 789 1437; x_wconf 93' lang='lat' dir='ltr'>ut</span> <span class='ocrx_word' id='word_1_58' title='bbox 812 1375 1035 1438; x_wconf 86' lang='lat' dir='ltr'>monasteriis</span> <span class='ocrx_word' id='word_1_59' title='bbox 1058 1349 1250 1457; x_wconf 89' lang='lat' dir='ltr'>parochiae</span> <span class='ocrx_word' id='word_1_60' title='bbox 1274 1376 1470 1456; x_wconf 90' lang='lat' dir='ltr'>demantur,</span> <span class='ocrx_word' id='word_1_61' title='bbox 1495 1387 1535 1439; x_wconf 95' lang='lat' dir='ltr'>ut</span> <span class='ocrx_word' id='word_1_62' title='bbox 1550 1377 1641 1439; x_wconf 92' lang='lat' dir='ltr'>ratio</span> <span class='ocrx_word' id='word_1_63' title='bbox 1657 1377 1871 1442; x_wconf 85' lang='lat' dir='ltr'>fortunaru</span> 
     </span>
     <span class='ocr_line' id='line_1_8' title="bbox 146 1514 1909 1597; baseline 0.002 -18"><span class='ocrx_word' id='word_1_64' title='bbox 146 1515 468 1579; x_wconf 90' lang='lat' dir='ltr'>ecclesiasticarum</span> <span class='ocrx_word' id='word_1_65' title='bbox 492 1514 663 1575; x_wconf 91' lang='lat' dir='ltr'>reddatur</span> <span class='ocrx_word' id='word_1_66' title='bbox 686 1515 781 1594; x_wconf 89' lang='lat' dir='ltr'>apud</span> <span class='ocrx_word' id='word_1_67' title='bbox 805 1524 1021 1594; x_wconf 88' lang='lat' dir='ltr'>potestatem</span> <span class='ocrx_word' id='word_1_68' title='bbox 1046 1514 1197 1594; x_wconf 90' lang='lat' dir='ltr'>civilem,</span> <span class='ocrx_word' id='word_1_69' title='bbox 1221 1534 1265 1576; x_wconf 90' lang='lat' dir='ltr'>ne</span> <span class='ocrx_word' id='word_1_70' title='bbox 1282 1533 1391 1595; x_wconf 89' lang='lat' dir='ltr'>opera</span> <span class='ocrx_word' id='word_1_71' title='bbox 1408 1514 1612 1597; x_wconf 85' lang='lat' dir='ltr'>theologica</span> <span class='ocrx_word' id='word_1_72' title='bbox 1627 1516 1686 1578; x_wconf 91' lang='lat' dir='ltr'>vel</span> <span class='ocrx_word' id='word_1_73' title='bbox 1707 1517 1909 1582; x_wconf 75' lang='lat' dir='ltr'>breviar-</span> 
     </span>
     <span class='ocr_line' id='line_1_9' title="bbox 146 1650 1909 1733; baseline 0.002 -16"><span class='ocrx_word' id='word_1_74' title='bbox 146 1665 182 1717; x_wconf 90' lang='lat' dir='ltr'>et</span> <span class='ocrx_word' id='word_1_75' title='bbox 205 1653 362 1716; x_wconf 89' lang='lat' dir='ltr'>missalia</span> <span class='ocrx_word' id='word_1_76' title='bbox 386 1651 453 1714; x_wconf 91' lang='lat' dir='ltr'>nisi</span> <span class='ocrx_word' id='word_1_77' title='bbox 470 1651 504 1713; x_wconf 91' lang='lat' dir='ltr'>in</span> <span class='ocrx_word' id='word_1_78' title='bbox 520 1650 650 1713; x_wconf 91' lang='lat' dir='ltr'>finibus</span> <span class='ocrx_word' id='word_1_79' title='bbox 673 1651 812 1733; x_wconf 90' lang='lat' dir='ltr'>imperii</span> <span class='ocrx_word' id='word_1_80' title='bbox 835 1651 1008 1732; x_wconf 88' lang='lat' dir='ltr'>impressa</span> <span class='ocrx_word' id='word_1_81' title='bbox 1024 1652 1261 1714; x_wconf 88' lang='lat' dir='ltr'>adhibeantur</span> <span class='ocrx_word' id='word_1_82' title='bbox 1277 1662 1360 1717; x_wconf 87' lang='lat' dir='ltr'>cett.</span> <span class='ocrx_word' id='word_1_83' title='bbox 1378 1654 1410 1732; x_wconf 81' lang='lat'>¹).</span> <span class='ocrx_word' id='word_1_84' title='bbox 1454 1652 1582 1717; x_wconf 93' lang='lat' dir='ltr'>Rebus</span> <span class='ocrx_word' id='word_1_85' title='bbox 1606 1656 1657 1718; x_wconf 90' lang='lat' dir='ltr'>ita</span> <span class='ocrx_word' id='word_1_86' title='bbox 1681 1657 1909 1729; x_wconf 77' lang='lat' dir='ltr'>constitut:</span> 
     </span>
     <span class='ocr_line' id='line_1_10' title="bbox 146 1791 787 1873; baseline -0.006 -17"><span class='ocrx_word' id='word_1_87' title='bbox 146 1791 360 1856; x_wconf 92' lang='lat' dir='ltr'>monasteria</span> <span class='ocrx_word' id='word_1_88' title='bbox 384 1791 519 1854; x_wconf 90' lang='lat' dir='ltr'>aboleri</span> <span class='ocrx_word' id='word_1_89' title='bbox 543 1800 672 1873; x_wconf 89' lang='lat' dir='ltr'>coepta</span> <span class='ocrx_word' id='word_1_90' title='bbox 695 1800 787 1852; x_wconf 85' lang='lat' dir='ltr'>sunt.</span> 
     </span>
    </p>

    <p class='ocr_par' dir='ltr' id='par_1_3' title="bbox 67 1919 1909 3399">
     <span class='ocr_line' id='line_1_11' title="bbox 276 1919 1909 2014; baseline 0.001 -20"><span class='ocrx_word' id='word_1_91' title='bbox 276 1933 316 1995; x_wconf 93' lang='lat' dir='ltr'>In</span> <span class='ocrx_word' id='word_1_92' title='bbox 342 1930 488 1993; x_wconf 90' lang='lat' dir='ltr'>Austria</span> <span class='ocrx_word' id='word_1_93' title='bbox 512 1929 676 1992; x_wconf 85' lang='lat' dir='ltr'>inferiore</span> <span class='ocrx_word' id='word_1_94' title='bbox 699 1932 787 1992; x_wconf 90' lang='lat' dir='ltr'>haec</span> <span class='ocrx_word' id='word_1_95' title='bbox 811 1929 933 2010; x_wconf 89' lang='lat' dir='ltr'>iniqua</span> <span class='ocrx_word' id='word_1_96' title='bbox 956 1949 1032 1991; x_wconf 91' lang='lat' dir='ltr'>sors</span> <span class='ocrx_word' id='word_1_97' title='bbox 1056 1931 1203 1993; x_wconf 92' lang='lat' dir='ltr'>obvenit</span> <span class='ocrx_word' id='word_1_98' title='bbox 1224 1930 1331 1995; x_wconf 86' lang='lat' dir='ltr'>Cellis</span> <span class='ocrx_word' id='word_1_99' title='bbox 1347 1932 1528 2013; x_wconf 78' lang='lat' dir='ltr'>MarianiS,</span> <span class='ocrx_word' id='word_1_100' title='bbox 1554 1953 1704 2014; x_wconf 93' lang='lat' dir='ltr'>quorum</span> <span class='ocrx_word' id='word_1_101' title='bbox 1722 1919 1909 1996; x_wconf 49' lang='lat' dir='ltr'>monac&amp;</span> 
     </span>
     <span class='ocr_line' id='line_1_12' title="bbox 151 2067 1909 2151; baseline 0.001 -17"><span class='ocrx_word' id='word_1_102' title='bbox 151 2077 228 2151; x_wconf 86' lang='lat'>1782</span> <span class='ocrx_word' id='word_1_103' title='bbox 254 2069 520 2132; x_wconf 88' lang='lat' dir='ltr'>Mellicensibus</span> <span class='ocrx_word' id='word_1_104' title='bbox 551 2067 707 2131; x_wconf 90' lang='lat' dir='ltr'>adiuncti</span> <span class='ocrx_word' id='word_1_105' title='bbox 738 2078 829 2129; x_wconf 88' lang='lat' dir='ltr'>sunt.</span> <span class='ocrx_word' id='word_1_106' title='bbox 874 2067 951 2129; x_wconf 88' lang='lat' dir='ltr'>Has</span> <span class='ocrx_word' id='word_1_107' title='bbox 980 2072 1059 2146; x_wconf 81' lang='grc'>1788</span> <span class='ocrx_word' id='word_1_108' title='bbox 1090 2070 1342 2133; x_wconf 90' lang='lat' dir='ltr'>monasterium</span> <span class='ocrx_word' id='word_1_109' title='bbox 1371 2072 1415 2133; x_wconf 88' lang='lat' dir='ltr'>de</span> <span class='ocrx_word' id='word_1_110' title='bbox 1438 2071 1561 2134; x_wconf 91' lang='lat' dir='ltr'>Monte</span> <span class='ocrx_word' id='word_1_111' title='bbox 1586 2069 1734 2134; x_wconf 89' lang='lat' dir='ltr'>Serrato</span> <span class='ocrx_word' id='word_1_112' title='bbox 1751 2071 1909 2134; x_wconf 68' lang='lat' dir='ltr'>Vindcc</span> 
     </span>
     <span class='ocr_line' id='line_1_13' title="bbox 145 2207 1909 2292; baseline -0.001 -19"><span class='ocrx_word' id='word_1_113' title='bbox 145 2212 304 2273; x_wconf 91' lang='lat' dir='ltr'>bonense</span> <span class='ocrx_word' id='word_1_114' title='bbox 335 2217 496 2271; x_wconf 90' lang='lat' dir='ltr'>secutum</span> <span class='ocrx_word' id='word_1_115' title='bbox 527 2217 597 2289; x_wconf 93' lang='lat' dir='ltr'>est,</span> <span class='ocrx_word' id='word_1_116' title='bbox 628 2227 721 2269; x_wconf 91' lang='lat' dir='ltr'>anno</span> <span class='ocrx_word' id='word_1_117' title='bbox 752 2207 946 2270; x_wconf 89' lang='lat' dir='ltr'>centesimo</span> <span class='ocrx_word' id='word_1_118' title='bbox 979 2208 1276 2291; x_wconf 89' lang='lat' dir='ltr'>quinquagesimo</span> <span class='ocrx_word' id='word_1_119' title='bbox 1308 2219 1400 2292; x_wconf 85' lang='lat' dir='ltr'>post,</span> <span class='ocrx_word' id='word_1_120' title='bbox 1433 2229 1539 2290; x_wconf 89' lang='lat' dir='ltr'>quam</span> <span class='ocrx_word' id='word_1_121' title='bbox 1568 2209 1767 2273; x_wconf 86' lang='lat' dir='ltr'>excitatum</span> <span class='ocrx_word' id='word_1_122' title='bbox 1798 2208 1909 2272; x_wconf 62' lang='lat' dir='ltr'>era!</span> 
     </span>
     <span class='ocr_line' id='line_1_14' title="bbox 146 2346 1909 2429; baseline -0.001 -17"><span class='ocrx_word' id='word_1_123' title='bbox 146 2348 271 2429; x_wconf 87' lang='lat' dir='ltr'>Neque</span> <span class='ocrx_word' id='word_1_124' title='bbox 307 2346 519 2428; x_wconf 89' lang='lat' dir='ltr'>reliquorum</span> <span class='ocrx_word' id='word_1_125' title='bbox 554 2346 847 2409; x_wconf 88' lang='lat' dir='ltr'>monasteriorum</span> <span class='ocrx_word' id='word_1_126' title='bbox 886 2347 1048 2409; x_wconf 92' lang='lat' dir='ltr'>condicio</span> <span class='ocrx_word' id='word_1_127' title='bbox 1079 2349 1268 2410; x_wconf 87' lang='lat' dir='ltr'>admodum</span> <span class='ocrx_word' id='word_1_128' title='bbox 1300 2349 1395 2410; x_wconf 86' lang='lat' dir='ltr'>laeta</span> <span class='ocrx_word' id='word_1_129' title='bbox 1426 2358 1511 2411; x_wconf 89' lang='lat' dir='ltr'>erat.</span> <span class='ocrx_word' id='word_1_130' title='bbox 1559 2348 1786 2413; x_wconf 87' lang='lat' dir='ltr'>Mellicenses</span> <span class='ocrx_word' id='word_1_131' title='bbox 1818 2349 1909 2411; x_wconf 65' lang='lat' dir='ltr'>Ur‘</span> 
     </span>
     <span class='ocr_line' id='line_1_15' title="bbox 147 2486 1909 2570; baseline 0 -21"><span class='ocrx_word' id='word_1_132' title='bbox 147 2488 241 2550; x_wconf 86' lang='lat' dir='ltr'>bano</span> <span class='ocrx_word' id='word_1_133' title='bbox 265 2486 290 2547; x_wconf 93' lang='grc' dir='ltr'>Ι.</span> <span class='ocrx_word' id='word_1_134' title='bbox 319 2486 451 2547; x_wconf 86' lang='lat' dir='ltr'>abbate</span> <span class='ocrx_word' id='word_1_135' title='bbox 476 2486 584 2567; x_wconf 85' lang='grc'>(1785)</span> <span class='ocrx_word' id='word_1_136' title='bbox 615 2495 753 2547; x_wconf 91' lang='lat' dir='ltr'>mortuo</span> <span class='ocrx_word' id='word_1_137' title='bbox 785 2504 914 2547; x_wconf 91' lang='lat' dir='ltr'>novum</span> <span class='ocrx_word' id='word_1_138' title='bbox 946 2487 1113 2547; x_wconf 91' lang='lat' dir='ltr'>abbatem</span> <span class='ocrx_word' id='word_1_139' title='bbox 1145 2486 1279 2567; x_wconf 87' lang='lat' dir='ltr'>eligere</span> <span class='ocrx_word' id='word_1_140' title='bbox 1311 2486 1480 2567; x_wconf 91' lang='lat' dir='ltr'>prohibiti</span> <span class='ocrx_word' id='word_1_141' title='bbox 1511 2498 1610 2570; x_wconf 91' lang='lat' dir='ltr'>sunt,</span> <span class='ocrx_word' id='word_1_142' title='bbox 1643 2499 1679 2551; x_wconf 91' lang='lat' dir='ltr'>et</span> <span class='ocrx_word' id='word_1_143' title='bbox 1710 2490 1909 2570; x_wconf 58' lang='lat' dir='ltr'>Iosepbuz</span> 
     </span>
     <span class='ocr_line' id='line_1_16' title="bbox 149 2622 1909 2710; baseline 0.001 -23"><span class='ocrx_word' id='word_1_144' title='bbox 149 2625 303 2707; x_wconf 87' lang='lat' dir='ltr'>Fengler</span> <span class='ocrx_word' id='word_1_145' title='bbox 326 2643 372 2685; x_wconf 85' lang='lat' dir='ltr'>ex</span> <span class='ocrx_word' id='word_1_146' title='bbox 396 2623 547 2705; x_wconf 85' lang='lat' dir='ltr'>collegio</span> <span class='ocrx_word' id='word_1_147' title='bbox 571 2622 800 2685; x_wconf 89' lang='lat' dir='ltr'>Piaristarum</span> <span class='ocrx_word' id='word_1_148' title='bbox 825 2634 1006 2705; x_wconf 89' lang='lat' dir='ltr'>tamquam</span> <span class='ocrx_word' id='word_1_149' title='bbox 1028 2625 1142 2687; x_wconf 91' lang='lat' dir='ltr'>abbas</span> <span class='ocrx_word' id='word_1_150' title='bbox 1166 2626 1487 2694; x_wconf 86' lang='lat' dir='ltr'>commendatarius</span> <span class='ocrx_word' id='word_1_151' title='bbox 1518 2628 1564 2689; x_wconf 91' lang='lat' dir='ltr'>ab</span> <span class='ocrx_word' id='word_1_152' title='bbox 1596 2628 1812 2710; x_wconf 90' lang='lat' dir='ltr'>imperatore</span> <span class='ocrx_word' id='word_1_153' title='bbox 1842 2627 1909 2689; x_wconf 65' lang='lat' dir='ltr'>liz</span> 
     </span>
     <span class='ocr_line' id='line_1_17' title="bbox 67 2761 1909 2846; baseline 0.002 -21"><span class='ocrx_word' id='word_1_154' title='bbox 67 2796 72 2803; x_wconf 92' lang='lat'><strong>·</strong></span> <span class='ocrx_word' id='word_1_155' title='bbox 150 2762 378 2844; x_wconf 88' lang='lat' dir='ltr'>praepositus</span> <span class='ocrx_word' id='word_1_156' title='bbox 403 2770 459 2824; x_wconf 87' lang='lat' dir='ltr'>est</span> <span class='ocrx_word' id='word_1_157' title='bbox 473 2762 506 2843; x_wconf 84' lang='lat'>²).</span> <span class='ocrx_word' id='word_1_158' title='bbox 552 2762 592 2824; x_wconf 89' lang='lat' dir='ltr'>In</span> <span class='ocrx_word' id='word_1_159' title='bbox 610 2761 757 2825; x_wconf 90' lang='lat' dir='ltr'>Austria</span> <span class='ocrx_word' id='word_1_160' title='bbox 782 2761 965 2843; x_wconf 90' lang='lat' dir='ltr'>superiore</span> <span class='ocrx_word' id='word_1_161' title='bbox 989 2764 1114 2826; x_wconf 92' lang='lat' dir='ltr'>iisdem</span> <span class='ocrx_word' id='word_1_162' title='bbox 1130 2762 1214 2826; x_wconf 84' lang='lat' dir='ltr'>fatis</span> <span class='ocrx_word' id='word_1_163' title='bbox 1231 2767 1441 2846; x_wconf 89' lang='lat' dir='ltr'>obpressum</span> <span class='ocrx_word' id='word_1_164' title='bbox 1459 2774 1514 2828; x_wconf 88' lang='lat' dir='ltr'>est</span> <span class='ocrx_word' id='word_1_165' title='bbox 1534 2770 1614 2845; x_wconf 83' lang='lat'>1784</span> <span class='ocrx_word' id='word_1_166' title='bbox 1632 2767 1909 2830; x_wconf 73' lang='lat' dir='ltr'>monasteriun:</span> 
     </span>
     <span class='ocr_line' id='line_1_18' title="bbox 150 2899 1909 2986; baseline 0.001 -22"><span class='ocrx_word' id='word_1_167' title='bbox 150 2899 399 2981; x_wconf 89' lang='lat' dir='ltr'>Gluniacense,</span> <span class='ocrx_word' id='word_1_168' title='bbox 424 2908 613 2981; x_wconf 91' lang='lat' dir='ltr'>postquam</span> <span class='ocrx_word' id='word_1_169' title='bbox 636 2920 701 2981; x_wconf 91' lang='lat' dir='ltr'>per</span> <span class='ocrx_word' id='word_1_170' title='bbox 725 2909 915 2963; x_wconf 85' lang='lat' dir='ltr'>sexcentos</span> <span class='ocrx_word' id='word_1_171' title='bbox 939 2921 1050 2963; x_wconf 91' lang='lat' dir='ltr'>annos</span> <span class='ocrx_word' id='word_1_172' title='bbox 1074 2921 1218 2965; x_wconf 88' lang='lat' dir='ltr'>munere</span> <span class='ocrx_word' id='word_1_173' title='bbox 1242 2921 1306 2964; x_wconf 90' lang='lat' dir='ltr'>suo</span> <span class='ocrx_word' id='word_1_174' title='bbox 1335 2903 1394 2984; x_wconf 90' lang='lat' dir='ltr'>pie</span> <span class='ocrx_word' id='word_1_175' title='bbox 1418 2902 1578 2966; x_wconf 87' lang='lat' dir='ltr'>functum</span> <span class='ocrx_word' id='word_1_176' title='bbox 1602 2914 1672 2986; x_wconf 89' lang='lat' dir='ltr'>est,</span> <span class='ocrx_word' id='word_1_177' title='bbox 1703 2914 1740 2968; x_wconf 90' lang='lat' dir='ltr'>et</span> <span class='ocrx_word' id='word_1_178' title='bbox 1772 2906 1909 2968; x_wconf 63' lang='lat' dir='ltr'>tribue</span> 
     </span>
     <span class='ocr_line' id='line_1_19' title="bbox 150 3036 1909 3122; baseline 0.001 -19"><span class='ocrx_word' id='word_1_179' title='bbox 150 3040 251 3103; x_wconf 90' lang='lat' dir='ltr'>annis</span> <span class='ocrx_word' id='word_1_180' title='bbox 276 3049 358 3122; x_wconf 89' lang='lat' dir='ltr'>post</span> <span class='ocrx_word' id='word_1_181' title='bbox 383 3036 491 3119; x_wconf 84' lang='lat'>(1787)</span> <span class='ocrx_word' id='word_1_182' title='bbox 516 3038 790 3119; x_wconf 89' lang='lat' dir='ltr'>Lunaelacense,</span> <span class='ocrx_word' id='word_1_183' title='bbox 815 3039 1061 3120; x_wconf 90' lang='lat' dir='ltr'>antiquissima</span> <span class='ocrx_word' id='word_1_184' title='bbox 1088 3041 1192 3103; x_wconf 90' lang='lat' dir='ltr'>huius</span> <span class='ocrx_word' id='word_1_185' title='bbox 1224 3050 1340 3103; x_wconf 89' lang='lat' dir='ltr'>terrae</span> <span class='ocrx_word' id='word_1_186' title='bbox 1371 3041 1528 3105; x_wconf 88' lang='lat' dir='ltr'>abbatia.</span> <span class='ocrx_word' id='word_1_187' title='bbox 1580 3063 1659 3121; x_wconf 78' lang='lat'>1749</span> <span class='ocrx_word' id='word_1_188' title='bbox 1693 3044 1909 3105; x_wconf 67' lang='lat' dir='ltr'>iubilaeun]</span> 
     </span>
     <span class='ocr_line' id='line_1_20' title="bbox 150 3177 1909 3260; baseline 0.002 -19"><span class='ocrx_word' id='word_1_189' title='bbox 150 3178 349 3241; x_wconf 91' lang='lat' dir='ltr'>milliarium</span> <span class='ocrx_word' id='word_1_190' title='bbox 374 3177 627 3256; x_wconf 89' lang='lat' dir='ltr'>celebraverat,</span> <span class='ocrx_word' id='word_1_191' title='bbox 652 3177 881 3260; x_wconf 86' lang='lat' dir='ltr'>septuaginta</span> <span class='ocrx_word' id='word_1_192' title='bbox 905 3187 1072 3259; x_wconf 91' lang='lat' dir='ltr'>quattuor</span> <span class='ocrx_word' id='word_1_193' title='bbox 1096 3181 1247 3242; x_wconf 85' lang='lat' dir='ltr'>abbates</span> <span class='ocrx_word' id='word_1_194' title='bbox 1271 3191 1307 3241; x_wconf 91' lang='lat' dir='ltr'>et</span> <span class='ocrx_word' id='word_1_195' title='bbox 1330 3180 1472 3260; x_wconf 92' lang='lat' dir='ltr'>plurimi</span> <span class='ocrx_word' id='word_1_196' title='bbox 1495 3181 1659 3244; x_wconf 87' lang='lat' dir='ltr'>monachi</span> <span class='ocrx_word' id='word_1_197' title='bbox 1676 3183 1803 3245; x_wconf 93' lang='lat' dir='ltr'>honori</span> <span class='ocrx_word' id='word_1_198' title='bbox 1819 3184 1874 3244; x_wconf 89' lang='lat' dir='ltr'>De</span> <span class='ocrx_word' id='word_1_199' title='bbox 1889 3202 1909 3235; x_wconf 68' lang='grc' dir='ltr'>ε</span> 
     </span>
     <span class='ocr_line' id='line_1_21' title="bbox 151 3316 1429 3399; baseline 0.002 -19"><span class='ocrx_word' id='word_1_200' title='bbox 151 3328 187 3380; x_wconf 90' lang='lat' dir='ltr'>et</span> <span class='ocrx_word' id='word_1_201' title='bbox 211 3317 317 3380; x_wconf 89' lang='lat' dir='ltr'>saluti</span> <span class='ocrx_word' id='word_1_202' title='bbox 340 3316 518 3378; x_wconf 92' lang='lat' dir='ltr'>hominum</span> <span class='ocrx_word' id='word_1_203' title='bbox 542 3316 681 3399; x_wconf 86' lang='lat' dir='ltr'>integre</span> <span class='ocrx_word' id='word_1_204' title='bbox 705 3319 932 3389; x_wconf 89' lang='lat' dir='ltr'>studuerant;</span> <span class='ocrx_word' id='word_1_205' title='bbox 956 3327 1039 3381; x_wconf 91' lang='lat' dir='ltr'>tunc</span> <span class='ocrx_word' id='word_1_206' title='bbox 1064 3319 1162 3380; x_wconf 88' lang='lat' dir='ltr'>abire</span> <span class='ocrx_word' id='word_1_207' title='bbox 1185 3319 1273 3381; x_wconf 89' lang='lat' dir='ltr'>iussi</span> <span class='ocrx_word' id='word_1_208' title='bbox 1297 3328 1379 3382; x_wconf 90' lang='lat' dir='ltr'>sunt</span> <span class='ocrx_word' id='word_1_209' title='bbox 1394 3321 1429 3398; x_wconf 80' lang='lat'>³).</span> 
     </span>
    </p>

    <p class='ocr_par' dir='ltr' id='par_1_4' title="bbox 149 3454 1909 4234">
     <span class='ocr_line' id='line_1_22' title="bbox 280 3454 1878 3535; baseline 0.001 -17"><span class='ocrx_word' id='word_1_210' title='bbox 280 3456 346 3518; x_wconf 89' lang='lat' dir='ltr'>His</span> <span class='ocrx_word' id='word_1_211' title='bbox 364 3454 530 3518; x_wconf 89' lang='lat' dir='ltr'>Calendis</span> <span class='ocrx_word' id='word_1_212' title='bbox 546 3455 652 3518; x_wconf 91' lang='lat' dir='ltr'>Maiis</span> <span class='ocrx_word' id='word_1_213' title='bbox 673 3462 751 3535; x_wconf 90' lang='grc'>1787</span> <span class='ocrx_word' id='word_1_214' title='bbox 771 3455 965 3520; x_wconf 88' lang='lat' dir='ltr'>Garstense</span> <span class='ocrx_word' id='word_1_215' title='bbox 988 3459 1150 3521; x_wconf 88' lang='lat' dir='ltr'>accessit.</span> <span class='ocrx_word' id='word_1_216' title='bbox 1183 3458 1299 3521; x_wconf 90' lang='lat' dir='ltr'>Etiam</span> <span class='ocrx_word' id='word_1_217' title='bbox 1316 3459 1352 3519; x_wconf 92' lang='lat' dir='ltr'>hi</span> <span class='ocrx_word' id='word_1_218' title='bbox 1368 3460 1531 3522; x_wconf 90' lang='lat' dir='ltr'>monachi</span> <span class='ocrx_word' id='word_1_219' title='bbox 1547 3460 1582 3521; x_wconf 89' lang='lat' dir='ltr'>in</span> <span class='ocrx_word' id='word_1_220' title='bbox 1598 3460 1712 3522; x_wconf 90' lang='lat' dir='ltr'>valles</span> <span class='ocrx_word' id='word_1_221' title='bbox 1728 3460 1878 3522; x_wconf 90' lang='lat' dir='ltr'>Annesi.</span> 
     </span>
     <span class='ocr_line' id='line_1_23' title="bbox 151 3593 1909 3679; baseline 0.002 -21"><span class='ocrx_word' id='word_1_222' title='bbox 151 3605 187 3658; x_wconf 87' lang='lat' dir='ltr'>et</span> <span class='ocrx_word' id='word_1_223' title='bbox 211 3593 340 3658; x_wconf 90' lang='lat' dir='ltr'>Stiriae</span> <span class='ocrx_word' id='word_1_224' title='bbox 363 3595 573 3676; x_wconf 75' lang='lat' dir='ltr'>religionem</span> <span class='ocrx_word' id='word_1_225' title='bbox 597 3594 833 3659; x_wconf 91' lang='lat' dir='ltr'>Christianam</span> <span class='ocrx_word' id='word_1_226' title='bbox 857 3605 893 3659; x_wconf 89' lang='lat' dir='ltr'>et</span> <span class='ocrx_word' id='word_1_227' title='bbox 914 3595 1171 3658; x_wconf 89' lang='lat' dir='ltr'>humanitatem</span> <span class='ocrx_word' id='word_1_228' title='bbox 1195 3598 1450 3660; x_wconf 89' lang='lat' dir='ltr'>transtulerant</span> <span class='ocrx_word' id='word_1_229' title='bbox 1474 3606 1511 3660; x_wconf 90' lang='lat' dir='ltr'>et</span> <span class='ocrx_word' id='word_1_230' title='bbox 1533 3618 1662 3679; x_wconf 89' lang='lat' dir='ltr'>panem</span> <span class='ocrx_word' id='word_1_231' title='bbox 1687 3597 1795 3661; x_wconf 88' lang='lat' dir='ltr'>otiosi</span> <span class='ocrx_word' id='word_1_232' title='bbox 1819 3617 1909 3661; x_wconf 81' lang='lat' dir='ltr'>not</span> 
     </span>
     <span class='ocr_line' id='line_1_24' title="bbox 150 3732 1909 3818; baseline 0.002 -21"><span class='ocrx_word' id='word_1_233' title='bbox 150 3736 385 3797; x_wconf 88' lang='lat' dir='ltr'>comedebant</span> <span class='ocrx_word' id='word_1_234' title='bbox 399 3732 434 3815; x_wconf 76' lang='lat'>⁴).</span> <span class='ocrx_word' id='word_1_235' title='bbox 474 3732 758 3797; x_wconf 83' lang='lat' dir='ltr'>Cremifanenses</span> <span class='ocrx_word' id='word_1_236' title='bbox 790 3734 919 3797; x_wconf 88' lang='lat' dir='ltr'>deinde</span> <span class='ocrx_word' id='word_1_237' title='bbox 947 3737 1055 3798; x_wconf 90' lang='lat' dir='ltr'>rebus</span> <span class='ocrx_word' id='word_1_238' title='bbox 1082 3735 1245 3797; x_wconf 89' lang='lat' dir='ltr'>omnibus</span> <span class='ocrx_word' id='word_1_239' title='bbox 1272 3737 1438 3818; x_wconf 90' lang='lat' dir='ltr'>pretiosis</span> <span class='ocrx_word' id='word_1_240' title='bbox 1465 3737 1596 3818; x_wconf 88' lang='lat' dir='ltr'>privati</span> <span class='ocrx_word' id='word_1_241' title='bbox 1626 3748 1726 3809; x_wconf 81' lang='lat' dir='ltr'>sunt:</span> <span class='ocrx_word' id='word_1_242' title='bbox 1756 3737 1909 3801; x_wconf 70' lang='lat' dir='ltr'>Ehrert</span> 
     </span>
     <span class='ocr_line' id='line_1_25' title="bbox 149 3874 1909 3956; baseline 0 -18"><span class='ocrx_word' id='word_1_243' title='bbox 149 3879 271 3938; x_wconf 87' lang='lat' dir='ltr'>bertus</span> <span class='ocrx_word' id='word_1_244' title='bbox 288 3874 361 3955; x_wconf 77' lang='lat'>111,</span> <span class='ocrx_word' id='word_1_245' title='bbox 386 3876 499 3937; x_wconf 88' lang='lat' dir='ltr'>abbas</span> <span class='ocrx_word' id='word_1_246' title='bbox 523 3875 702 3956; x_wconf 87' lang='lat' dir='ltr'>egregius,</span> <span class='ocrx_word' id='word_1_247' title='bbox 732 3879 811 3953; x_wconf 79' lang='lat'>1789</span> <span class='ocrx_word' id='word_1_248' title='bbox 829 3875 935 3937; x_wconf 89' lang='lat' dir='ltr'>animi</span> <span class='ocrx_word' id='word_1_249' title='bbox 960 3875 1126 3937; x_wconf 89' lang='lat' dir='ltr'>imbecilli</span> <span class='ocrx_word' id='word_1_250' title='bbox 1143 3876 1345 3938; x_wconf 89' lang='lat' dir='ltr'>declaratus</span> <span class='ocrx_word' id='word_1_251' title='bbox 1361 3876 1508 3956; x_wconf 88' lang='lat' dir='ltr'>eiusque</span> <span class='ocrx_word' id='word_1_252' title='bbox 1524 3876 1604 3938; x_wconf 92' lang='lat' dir='ltr'>loeo</span> <span class='ocrx_word' id='word_1_253' title='bbox 1620 3877 1909 3939; x_wconf 75' lang='lat' dir='ltr'>Maximiliam-</span> 
     </span>
     <span class='ocr_line' id='line_1_26' title="bbox 151 3977 1909 4096; baseline 0.001 -20"><span class='ocrx_word' id='word_1_254' title='bbox 151 4011 295 4077; x_wconf 88' lang='lat' dir='ltr'>Stadler</span> <span class='ocrx_word' id='word_1_255' title='bbox 317 4012 535 4075; x_wconf 88' lang='lat' dir='ltr'>Mellicensis</span> <span class='ocrx_word' id='word_1_256' title='bbox 558 4013 774 4075; x_wconf 89' lang='lat' dir='ltr'>monasterio</span> <span class='ocrx_word' id='word_1_257' title='bbox 798 4015 1026 4096; x_wconf 89' lang='lat' dir='ltr'>praepositus</span> <span class='ocrx_word' id='word_1_258' title='bbox 1050 4022 1105 4076; x_wconf 92' lang='lat' dir='ltr'>est</span> <span class='ocrx_word' id='word_1_259' title='bbox 1120 4014 1153 4094; x_wconf 85' lang='lat'>⁵).</span> <span class='ocrx_word' id='word_1_260' title='bbox 1200 3977 1494 4095; x_wconf 89' lang='lat' dir='ltr'>Lambaeensium</span> <span class='ocrx_word' id='word_1_261' title='bbox 1524 4014 1678 4095; x_wconf 88' lang='lat' dir='ltr'>denique</span> <span class='ocrx_word' id='word_1_262' title='bbox 1702 4011 1909 4078; x_wconf 70' lang='lat' dir='ltr'>dissoluffi</span> 
     </span>
     <span class='ocr_line' id='line_1_27' title="bbox 153 4150 1513 4234; baseline 0.002 -22"><span class='ocrx_word' id='word_1_263' title='bbox 153 4150 221 4213; x_wconf 92' lang='lat' dir='ltr'>iam</span> <span class='ocrx_word' id='word_1_264' title='bbox 251 4155 331 4229; x_wconf 79' lang='lat'>1784</span> <span class='ocrx_word' id='word_1_265' title='bbox 356 4152 500 4214; x_wconf 89' lang='lat' dir='ltr'>decreta</span> <span class='ocrx_word' id='word_1_266' title='bbox 525 4161 619 4222; x_wconf 79' lang='lat' dir='ltr'>erat:</span> <span class='ocrx_word' id='word_1_267' title='bbox 644 4160 762 4213; x_wconf 90' lang='lat' dir='ltr'>tamen</span> <span class='ocrx_word' id='word_1_268' title='bbox 785 4162 825 4213; x_wconf 92' lang='lat' dir='ltr'>ut</span> <span class='ocrx_word' id='word_1_269' title='bbox 847 4153 936 4214; x_wconf 90' lang='lat' dir='ltr'>haec</span> <span class='ocrx_word' id='word_1_270' title='bbox 960 4153 1019 4214; x_wconf 87' lang='lat' dir='ltr'>lex</span> <span class='ocrx_word' id='word_1_271' title='bbox 1043 4154 1288 4234; x_wconf 86' lang='lat' dir='ltr'>abrogaretur,</span> <span class='ocrx_word' id='word_1_272' title='bbox 1313 4152 1463 4234; x_wconf 90' lang='lat' dir='ltr'>contigit</span> <span class='ocrx_word' id='word_1_273' title='bbox 1478 4151 1513 4233; x_wconf 82' lang='lat'>⁶).</span> 
     </span>
    </p>

    <p class='ocr_par' dir='ltr' id='par_1_5' title="bbox 283 4288 1909 4369">
     <span class='ocr_line' id='line_1_28' title="bbox 283 4288 1909 4369; baseline 0.001 -18"><span class='ocrx_word' id='word_1_274' title='bbox 283 4290 322 4351; x_wconf 93' lang='lat' dir='ltr'>In</span> <span class='ocrx_word' id='word_1_275' title='bbox 355 4288 461 4354; x_wconf 88' lang='lat' dir='ltr'>Stiria</span> <span class='ocrx_word' id='word_1_276' title='bbox 494 4289 746 4352; x_wconf 88' lang='lat' dir='ltr'>monasterium</span> <span class='ocrx_word' id='word_1_277' title='bbox 778 4289 1043 4353; x_wconf 89' lang='lat' dir='ltr'>Lambertinum</span> <span class='ocrx_word' id='word_1_278' title='bbox 1083 4295 1162 4369; x_wconf 84' lang='lat'>1786</span> <span class='ocrx_word' id='word_1_279' title='bbox 1199 4291 1371 4353; x_wconf 91' lang='lat' dir='ltr'>abolitum</span> <span class='ocrx_word' id='word_1_280' title='bbox 1402 4300 1467 4354; x_wconf 89' lang='lat' dir='ltr'>est.</span> <span class='ocrx_word' id='word_1_281' title='bbox 1512 4290 1592 4352; x_wconf 95' lang='lat' dir='ltr'>Hoc</span> <span class='ocrx_word' id='word_1_282' title='bbox 1630 4292 1697 4352; x_wconf 88' lang='lat' dir='ltr'>sub</span> <span class='ocrx_word' id='word_1_283' title='bbox 1730 4290 1909 4354; x_wconf 81' lang='lat' dir='ltr'>chiliar-</span> 
     </span>
    </p>
   </div>
   <div class='ocr_carea' id='block_1_3' title="bbox 149 4427 1909 4511">
    <p class='ocr_par' dir='ltr' id='par_1_6' title="bbox 149 4427 1909 4511">
     <span class='ocr_line' id='line_1_29' title="bbox 149 4427 1909 4511; baseline -0.002 -22"><span class='ocrx_word' id='word_1_284' title='bbox 149 4427 332 4490; x_wconf 90' lang='lat' dir='ltr'>Wehrlein</span> <span class='ocrx_word' id='word_1_285' title='bbox 359 4429 597 4509; x_wconf 79' lang='grc'>(1715-1737)</span> <span class='ocrx_word' id='word_1_286' title='bbox 627 4438 663 4491; x_wconf 90' lang='lat' dir='ltr'>et</span> <span class='ocrx_word' id='word_1_287' title='bbox 687 4428 849 4511; x_wconf 87' lang='lat' dir='ltr'>Eugenio</span> <span class='ocrx_word' id='word_1_288' title='bbox 873 4428 1001 4490; x_wconf 89' lang='lat' dir='ltr'>comite</span> <span class='ocrx_word' id='word_1_289' title='bbox 1025 4429 1069 4489; x_wconf 89' lang='lat' dir='ltr'>de</span> <span class='ocrx_word' id='word_1_290' title='bbox 1094 4428 1240 4509; x_wconf 90' lang='lat' dir='ltr'>Inzaghi</span> <span class='ocrx_word' id='word_1_291' title='bbox 1265 4430 1502 4508; x_wconf 82' lang='lat'>(1737-1760)</span> <span class='ocrx_word' id='word_1_292' title='bbox 1527 4428 1722 4490; x_wconf 88' lang='lat' dir='ltr'>abbatibus</span> <span class='ocrx_word' id='word_1_293' title='bbox 1746 4449 1852 4491; x_wconf 90' lang='lat' dir='ltr'>mune</span> <span class='ocrx_word' id='word_1_294' title='bbox 1868 4447 1909 4486; x_wconf 67' lang='lat'>1</span> 
     </span>
    </p>
   </div>
   <div class='ocr_carea' id='block_1_4' title="bbox 328 4742 1443 4928">
    <p class='ocr_par' dir='ltr' id='par_1_7' title="bbox 328 4742 1443 4928">
     <span class='ocr_line' id='line_1_30' title="bbox 329 4742 1443 4817; baseline -0.003 -17"><span class='ocrx_word' id='word_1_295' title='bbox 329 4743 569 4816; x_wconf 86' lang='lat' dir='ltr'>Vcrordnungen</span> <span class='ocrx_word' id='word_1_296' title='bbox 593 4745 622 4797; x_wconf 91' lang='lat' dir='ltr'>in</span> <span class='ocrx_word' id='word_1_297' title='bbox 646 4742 775 4817; x_wconf 85' lang='lat' dir='ltr'>publicis</span> <span class='ocrx_word' id='word_1_298' title='bbox 799 4744 1014 4799; x_wconf 82' lang='lat' dir='ltr'>ecclesiasticis</span> <span class='ocrx_word' id='word_1_299' title='bbox 1038 4743 1075 4798; x_wconf 88' lang='lat' dir='ltr'>ad</span> <span class='ocrx_word' id='word_1_300' title='bbox 1100 4762 1206 4798; x_wconf 81' lang='lat' dir='ltr'>annum</span> <span class='ocrx_word' id='word_1_301' title='bbox 1235 4745 1325 4816; x_wconf 83' lang='lat'>1781,</span> <span class='ocrx_word' id='word_1_302' title='bbox 1355 4742 1443 4815; x_wconf 88' lang='lat'>1782.</span> 
     </span>
     <span class='ocr_line' id='line_1_31' title="bbox 328 4855 968 4928; baseline 0 -17"><span class='ocrx_word' id='word_1_303' title='bbox 328 4855 514 4928; x_wconf 81' lang='lat' dir='ltr'>Keiblinger,</span> <span class='ocrx_word' id='word_1_304' title='bbox 540 4855 724 4910; x_wconf 77' lang='lat' dir='ltr'>Gcschichte</span> <span class='ocrx_word' id='word_1_305' title='bbox 748 4874 808 4910; x_wconf 75' lang='lat' dir='ltr'>von</span> <span class='ocrx_word' id='word_1_306' title='bbox 831 4856 922 4921; x_wconf 85' lang='lat' dir='ltr'>Melk,</span> <span class='ocrx_word' id='word_1_307' title='bbox 948 4857 968 4911; x_wconf 89' lang='grc' dir='ltr'>Ι.</span> 
     </span>
    </p>
   </div>
   <div class='ocr_carea' id='block_1_5' title="bbox 281 4853 302 4932">
    <p class='ocr_par' dir='ltr' id='par_1_8' title="bbox 281 4853 302 4932">
     <span class='ocr_line' id='line_1_32' title="bbox 281 4853 302 4932; baseline 0 0"><span class='ocrx_word' id='word_1_308' title='bbox 281 4853 302 4932; x_wconf 84' lang='lat'>²)</span> 
     </span>
    </p>
   </div>
   <div class='ocr_carea' id='block_1_6' title="bbox 295 4963 831 5041">
    <p class='ocr_par' dir='ltr' id='par_1_9' title="bbox 295 4963 831 5041">
     <span class='ocr_line' id='line_1_33' title="bbox 295 4963 831 5041; baseline 0 -19"><span class='ocrx_word' id='word_1_309' title='bbox 295 4963 304 5041; x_wconf 85' lang='lat'><strong>)</strong></span> <span class='ocrx_word' id='word_1_310' title='bbox 329 4969 440 5030; x_wconf 61' lang='lat' dir='ltr'>Friesc</span> <span class='ocrx_word' id='word_1_311' title='bbox 466 4966 592 5022; x_wconf 78' lang='lat' dir='ltr'>Studien</span> <span class='ocrx_word' id='word_1_312' title='bbox 617 4967 634 5022; x_wconf 90' lang='grc'>1.</span> <span class='ocrx_word' id='word_1_313' title='bbox 659 4988 683 5023; x_wconf 89' lang='lat' dir='ltr'>c.</span> <span class='ocrx_word' id='word_1_314' title='bbox 710 4968 769 5023; x_wconf 78' lang='lat' dir='ltr'>vol.</span> <span class='ocrx_word' id='word_1_315' title='bbox 796 4968 831 5022; x_wconf 89' lang='lat' dir='ltr'>V.</span> 
     </span>
    </p>
   </div>
   <div class='ocr_carea' id='block_1_7' title="bbox 154 5079 1905 5356">
    <p class='ocr_par' dir='ltr' id='par_1_10' title="bbox 154 5079 1905 5356">
     <span class='ocr_line' id='line_1_34' title="bbox 282 5079 607 5142; baseline 0.006 -10"><span class='ocrx_word' id='word_1_316' title='bbox 282 5085 292 5119; x_wconf 81' lang='lat'><strong>⁴</strong></span> <span class='ocrx_word' id='word_1_317' title='bbox 329 5080 439 5142; x_wconf 79' lang='lat' dir='ltr'>Friess.</span> <span class='ocrx_word' id='word_1_318' title='bbox 466 5079 607 5134; x_wconf 85' lang='lat' dir='ltr'>Garsten.</span> 
     </span>
     <span class='ocr_line' id='line_1_35' title="bbox 281 5188 1905 5266; baseline 0 -22"><span class='ocrx_word' id='word_1_319' title='bbox 281 5188 304 5266; x_wconf 81' lang='lat'>⁵)</span> <span class='ocrx_word' id='word_1_320' title='bbox 328 5191 426 5263; x_wconf 79' lang='lat' dir='ltr'>Hagn,</span> <span class='ocrx_word' id='word_1_321' title='bbox 453 5191 579 5246; x_wconf 75' lang='lat' dir='ltr'>Wirken</span> <span class='ocrx_word' id='word_1_322' title='bbox 603 5192 657 5247; x_wconf 84' lang='lat' dir='ltr'>der</span> <span class='ocrx_word' id='word_1_323' title='bbox 681 5188 971 5247; x_wconf 82' lang='lat' dir='ltr'>Benedictincrabtei</span> <span class='ocrx_word' id='word_1_324' title='bbox 998 5192 1256 5258; x_wconf 80' lang='lat' dir='ltr'>Kremsmiinster;</span> <span class='ocrx_word' id='word_1_325' title='bbox 1283 5194 1426 5253; x_wconf 79' lang='lat' dir='ltr'>Brunner,</span> <span class='ocrx_word' id='word_1_326' title='bbox 1445 5192 1611 5263; x_wconf 74' lang='lat' dir='ltr'>llysterien</span> <span class='ocrx_word' id='word_1_327' title='bbox 1629 5192 1683 5246; x_wconf 82' lang='lat' dir='ltr'>der</span> <span class='ocrx_word' id='word_1_328' title='bbox 1702 5193 1905 5261; x_wconf 61' lang='lat' dir='ltr'>Ausklairuug</span> 
     </span>
     <span class='ocr_line' id='line_1_36' title="bbox 154 5298 410 5356; baseline 0.016 -4"><span class='ocrx_word' id='word_1_329' title='bbox 154 5299 182 5352; x_wconf 90' lang='lat' dir='ltr'>in</span> <span class='ocrx_word' id='word_1_330' title='bbox 207 5298 410 5356; x_wconf 84' lang='lat' dir='ltr'>Oestcrreich.</span> 
     </span>
    </p>
   </div>
   <div class='ocr_carea' id='block_1_8' title="bbox 282 5408 957 5488">
    <p class='ocr_par' dir='ltr' id='par_1_11' title="bbox 282 5408 957 5488">
     <span class='ocr_line' id='line_1_37' title="bbox 282 5408 957 5488; baseline 0.004 -22"><span class='ocrx_word' id='word_1_331' title='bbox 282 5408 304 5488; x_wconf 55' lang='grc' dir='ltr'>ὓ)</span> <span class='ocrx_word' id='word_1_332' title='bbox 328 5411 515 5478; x_wconf 85' lang='lat' dir='ltr'>Schmieder,</span> <span class='ocrx_word' id='word_1_333' title='bbox 541 5414 712 5470; x_wconf 86' lang='lat' dir='ltr'>Chronicon</span> <span class='ocrx_word' id='word_1_334' title='bbox 737 5415 957 5470; x_wconf 78' lang='lat' dir='ltr'>Lambaeensc.</span> 
     </span>
    </p>
   </div>
   <div class='ocr_carea' id='block_1_9' title="bbox 0 0 2031 6260">
    <p class='ocr_par' dir='ltr' id='par_1_12' title="bbox 0 0 2031 6260">
     <span class='ocr_line' id='line_1_38' title="bbox 0 0 2031 6260; baseline 0 0"><span class='ocrx_word' id='word_1_335' title='bbox 0 0 2031 6260; x_wconf 95' lang='lat' dir='ltr'> </span> 
     </span>
    </p>
   </div>
  </div>
 </body>
</html>
