4034 6262
278 544 314 587 s
945 489 1204 564 -74-

292 687 329 742 X.
347 684 590 742 Urkundenbuch
602 684 657 739 des
669 682 776 739 Stiltes
790 682 953 756 Gottweig,
971 693 1035 737 ent-

203 790 326 848 haltend
338 790 386 847 die
399 789 561 847 Urkunden
574 806 634 845 von
651 801 862 860 1300—1400
875 789 927 843 mit
938 786 1036 841 Nach-

204 903 312 971 tra'tgen
340 915 393 951 aus
421 894 558 951 friiherer
582 895 656 949 Zeit.
684 888 714 968 (i.
738 912 764 948 e.
786 891 1036 967 Diplomatarium

204 1018 285 1056 mon.
302 996 531 1077 Gottiicensis.)
548 999 626 1054 Man.
645 1013 654 1053 1
673 1010 743 1053 tom.
761 999 790 1053 in
802 995 916 1052 archiv.
929 994 1035 1051 Gottv.

205 1104 325 1161 adserr.

292 1214 432 1288 Dunkl
448 1224 721 1307 Opportunus
743 1223 1037 1306 (Lunaelacen-

205 1345 286 1426 sis).
305 1344 339 1406 Α
356 1345 551 1407 Buchheim
569 1344 603 1406 in
617 1344 763 1406 Austria
780 1342 963 1424 superiore
980 1341 1037 1403 die

210 1488 235 1530 1.
254 1465 333 1530 Oct.
354 1471 433 1544 1728
451 1478 565 1546 natue,
587 1485 679 1527 1110
705 1470 784 1544 1748
806 1464 841 1526 11
863 1473 1038 1526 monaste-

206 1589 258 1651 rio
281 1588 538 1650 Lunaelacensi
566 1588 623 1649 die
651 1592 679 1649 5.
705 1586 783 1650 Oct.
813 1585 930 1647 emisit
954 1594 1039 1647 vota

206 1710 400 1791 sollemnia,
422 1719 530 1791 atque
547 1709 604 1771 die
625 1731 650 1772 1.
667 1709 741 1772 Ian.
763 1713 838 1788 1753
856 1707 1039 1770 ordinatus

207 1842 262 1895 est
278 1834 455 1895 sacerdos.
480 1832 540 1893 Ab
553 1852 645 1894 anno
666 1835 744 1910 1757
763 1851 875 1912 usque
892 1833 937 1893 ad
958 1834 1038 1909 1750

207 1953 407 2036 Salisburgi
436 1954 557 2016 docuit
586 1954 847 2034 philosophiam
875 1953 1038 2016 theoreti-

208 2096 286 2140 cam
306 2086 342 2138 et
364 2094 510 2137 munere
532 2074 744 2157 professoris
768 2076 853 2137 iuris
878 2075 1038 2138 canonici

208 2206 335 2278 postea
351 2217 415 2279 per
431 2206 503 2259 tres
519 2217 631 2259 annos
647 2197 682 2259 in
698 2197 886 2260 seminario
903 2197 1039 2279 episco-

207 2320 280 2402 pali
289 2319 496 2382 Pataviensi
509 2329 565 2382 est
573 2319 725 2382 functus.
738 2321 779 2382 In
788 2320 1040 2383 monasterium

208 2442 473 2504 Lunaelacense
489 2442 614 2522 redux,
632 2442 690 2504 die
707 2442 835 2520 o.Nov.
849 2445 929 2521 1773
946 2441 1039 2504 votis

208 2564 423 2627 confratrum
448 2583 590 2626 suorum
614 2565 748 2626 electus
773 2573 829 2626 est
852 2565 976 2643 abbas,
1005 2563 1040 2625 in

210 2705 358 2767 quorum
375 2705 520 2747 numero
537 2684 679 2747 ultimus
697 2694 782 2747 erat.
804 2685 872 2747 Die
886 2691 937 2747 26.
951 2684 1039 2766 Apr.

214 2812 294 2887 1784
313 2807 370 2887 pie
388 2807 423 2869 11
438 2807 591 2869 Domino
608 2807 832 2870 obdormivit.
850 2806 1017 2887 Scripsit:

298 2933 320 2988 Ι.
338 2932 497 3008 Specimen
515 2933 688 2988 moderatae
705 2935 791 2989 crisis
808 2935 837 2988 in
854 2951 1040 2989 communem

210 3037 382 3094 scholarum
406 3038 589 3111 opinionem,
614 3056 692 3112 quae
716 3037 926 3113 philosophiae
948 3039 1041 3113 origi·

212 3161 278 3198 nem
300 3140 337 3198 ab
355 3141 473 3197 Adamo
497 3155 526 3197 et
547 3143 762 3216 antiquissimis
787 3143 885 3199 mundi
911 3142 1042 3198 saeculis

211 3245 343 3304 deducit.
360 3246 541 3320 Salishmgi,
564 3245 654 3319 1758.
672 3253 713 3318 4⁰.

300 3353 337 3408 Il.
362 3351 530 3407 Tentamen
555 3350 737 3407 concordiae
761 3351 885 3407 duarum
910 3353 986 3408 inter
1010 3370 1043 3408 se

212 3457 449 3514 dissentientium
468 3457 496 3510 in
512 3454 625 3511 scholis
641 3458 826 3531 opinionum,
843 3475 968 3531 quarum
986 3476 1044 3512 una

212 3562 341 3639 plurium
366 3579 475 3626 rerum,
501 3562 665 3635 praecipue
686 3574 786 3616 autem
808 3564 894 3617 unius
911 3564 1043 3637 supremi

212 3668 340 3723 numinis
357 3684 425 3721 esse
442 3668 571 3721 innatam
587 3666 684 3722 ideam
701 3669 819 3732 asserit,
835 3667 930 3722 altera
943 3679 1044 3742 negat.

212 3770 289 3828 Ibid.
311 3768 402 3844 17'58.
419 3777 462 3843 4⁰.

301 3877 353 3933 111.
382 3877 551 3932 Tentamen
579 3875 704 3932 alterum
734 3875 915 3931 concordiae
944 3875 1044 3931 itidem

211 3981 408 4038 vehementer
423 3980 629 4038 dissidentium
643 3983 826 4056 opinionum,
844 4000 969 4055 quarum
987 3998 1045 4035 una

212 4086 425 4143 authoritatem
455 4088 484 4140 in
512 4085 718 4161 philosophia,
747 4084 842 4141 altera
870 4084 1044 4141 eclecticam

213 4189 383 4247 libertatem
410 4191 596 4247 retinendam
620 4208 688 4247 esse
712 4201 896 4266 propugnat.
930 4188 1044 4245 ibidem

220 4294 309 4371 1758·
327 4302 369 4368 4⁰·

302 4401 352 4457 IV.
369 4399 510 4475 Systema
531 4402 623 4457 mutui
645 4401 816 4456 commercii
838 4401 916 4455 inter
932 4416 1045 4473 corpus

215 4519 246 4562 et
261 4507 387 4561 animam
404 4504 538 4562 breviter
554 4507 734 4582 expositum.
753 4502 828 4560 ibid.
851 4517 942 4577 1759.
959 4509 1002 4575 4⁰.

303 4612 338 4667 V.
365 4611 429 4667 Der
452 4611 545 4667 Vater
572 4609 632 4666 voli
660 4609 714 4666 der
741 4607 853 4676 Liebe,
882 4607 962 4664 Gfite
986 4606 1046 4663 und

217 4715 318 4772 Ehren
342 4718 371 4771 in
395 4718 477 4770 einer
502 4715 530 4770 T
532 4714 694 4771 rauerrede
721 4712 775 4769 auf
798 4713 856 4769 den
879 4713 950 4769 Tod
974 4714 1047 4768 Ber·

218 4820 316 4883 111111.
333 4819 433 4876 Abten
450 4822 479 4875 in
495 4819 650 4876 Mondsee.
674 4815 703 4894 (1.
721 4836 747 4873 6.
772 4818 894 4874 Laudes
915 4817 1047 4873 defuncti

218 4923 337 4982 abbatis
352 4923 498 4982 Bernardi
514 4920 774 5000 Lunaelacensis.)
793 4921 867 4979 lbid.
886 4925 914 4978 in
931 4922 981 4977 sol.

305 5069 566 5165 Dzaghikian
594 5081 771 5162 Mesrop.
806 5080 1048 5163 (Mechitha-

221 5198 346 5280 rista),
379 5198 686 5281 Constantinopoli
715 5200 772 5261 die
796 5204 826 5261 5.
852 5199 940 5260 Dec.
968 5200 1048 5258 1828

222 5330 339 5397 natus,
374 5321 536 5382 Viennae
571 5321 606 5381 in
637 5322 740 5383 Aust.
773 5320 897 5382 habitu
934 5339 961 5379 s.
993 5318 1050 5380 die

224 5444 252 5500 8.
268 5439 355 5503 Dec.
377 5445 456 5517 1844
474 5440 627 5521 indutus,
645 5443 702 5503 die
719 5464 748 5519 4.
767 5441 845 5505 Oct.
869 5444 1051 5516 1841111011

1116 677 1242 759 emisit,
1267 685 1304 739 et
1320 676 1377 739 die
1398 697 1423 738 1.
1439 675 1526 738 Maii
1547 678 1859 738 185360116011111
1883 693 1948 746 est

1115 801 1316 882 presbyter.
1347 799 1417 861 Per
1436 799 1573 880 aliquot
1592 818 1705 861 annos
1728 797 1792 861 fuit
1805 799 1953 867 missio

1116 921 1236 984 narius
1249 921 1467 1003 apostolicus
1480 919 1666 1004 Smyrnae.
1683 920 1742 983 Ab
1754 940 1839 984 anno
1854 929 1952 993 18111

1116 1043 1152 1105 11
1168 1044 1293 1106 eadem
1310 1043 1455 1106 civitate
1467 1043 1609 1125 peregit
1621 1042 1775 1106 officium
1786 1049 1954 1125 superio

1116 1166 1165 1228 ris
1175 1167 1300 1229 domus
1309 1165 1494 1246 missionis,
1508 1175 1583 1228 tum
1596 1165 1780 1228 directoris
1791 1165 1824 1228 in
1834 1171 1953 1238 colle.

1117 1288 1177 1371 gio
1201 1287 1369 1352 Mechith.
1405 1288 1491 1350 Inde
1518 1288 1747 1351 transmissus
1773 1296 1825 1350 est
1845 1307 1950 1360 anno

1122 1416 1199 1490 1871
1220 1410 1574 1492 Constantinopolim,
1598 1411 1659 1473 ubi
1675 1412 1723 1473 ad
1742 1411 1948 1480 hodiernam

1119 1535 1212 1597 diem
1229 1534 1440 1596 missionarii
1454 1534 1642 1615 apostolici
1654 1555 1781 1598 munus
1793 1542 1943 1622 peragit.

1206 1656 1326 1737 Opera
1343 1657 1418 1719 eius
1435 1656 1470 1719 in
1485 1657 1571 1740 ling.
1588 1657 1823 1721 Neo-armena
1841 1661 1940 1742 typis

1119 1778 1301 1840 mandata:

1207 1905 1229 1960 1·
1247 1908 1385 1984 ‘'lbwfm‘
1404 1903 1504 1978 Mſsa
1525 1908 1635 1985 imppp,
1659 1907 1677 1964 i.
1700 1927 1727 1964 e.
1748 1908 1822 1964 Petri
1840 1907 1941 1981 Magni

1119 2011 1355 2066 Moscovitarum
1380 2012 1571 2086 imperatoris
1588 2013 1668 2067 vitae
1690 2011 1943 2068 reformationunr·

1119 2135 1178 2190 que
1195 2116 1328 2171 historia.
1346 2116 1489 2182 Viennae,
1506 2117 1586 2191 typis
1602 2116 1744 2173 Mechith.
1767 2115 1844 2190 1856.

1208 2220 1244 2276 11·
1275 2219 1624 2299 lkhwfflwwmfflfith,
1653 2223 1671 2278 i.
1699 2241 1725 2278 e.
1754 2217 1944 2297 Geographia

1120 2322 1243 2403 (brevis)
1260 2325 1393 2401 politica.
1412 2325 1555 2393 Viennae,
1573 2328 1653 2402 typis
1669 2328 1807 2384 Mechith.
1826 2327 1902 2399 1857
1914 2362 1928 2374 ·

1206 2471 1344 2546 Ecker
1375 2487 1568 2552 Urbanus
1607 2479 1946 2570 (Admontensisl

1120 2604 1291 2668 Honestis
1322 2605 1358 2668 in
1390 2604 1585 2670 Graecensi
1620 2609 1708 2671 urbe
1743 2607 1946 2690 parentibus

1120 2727 1290 2790 oriundus
1322 2748 1350 2791 2.
1378 2729 1465 2791 Dec.
1493 2748 1588 2809 1791,
1616 2739 1778 2793 votorum
1804 2737 1946 2810 compos

1121 2851 1238 2914 sactus
1255 2860 1310 2912 est
1323 2851 1523 2913 Admontes
1541 2872 1566 2915 1.
1579 2851 1675 2936 Aug.
1693 2857 1770 2916 1813
1784 2862 1817 2916 et
1828 2841 1946 2933 primi-

1122 2973 1191 3036 tias
1214 2973 1410 3036 celebravit
1434 2993 1484 3051 ²4·
1506 2972 1584 3037 Oct.
1614 2979 1704 3038 1813.
1729 2976 1769 3038 In
1789 2975 1946 3038 instituto

1123 3116 1202 3160 cum
1219 3096 1465 3178 philosophico
1485 3106 1559 3159 tum
1574 3097 1777 3181 theologico
1794 3098 1947 3161 Admon-

1122 3219 1215 3283 16111
1228 3219 1466 3300 professorem
1474 3239 1611 3283 summa
1622 3241 1703 3283 curn
1712 3222 1814 3284 laude
1825 3226 1947 3302 agens,

1128 3363 1234 3407 curae
1254 3342 1448 3404 animarum
1469 3342 1505 3403 11
1521 3341 1606 3404 Hall
1626 3362 1772 3425 operam
1788 3341 1881 3421 dedit,
1914 3335 1950 3390 θῑ
2011 3364 2013 3369 ·

1123 3466 1362 3528 bibliothecae
1389 3484 1459 3526 una
1482 3484 1561 3527 cum
1584 3465 1730 3527 archivo
1753 3463 1951 3547 praefectus

1124 3587 1325 3652 indefessus
1341 3586 1528 3668 laboravit,
1542 3607 1757 3670 quamquam
1772 3574 1953 3651 arthritide

1123 3710 1436 3775 vehementissime
1453 3710 1680 3776 cruciaretur.
1700 3710 1878 3774 Doloribus
1894 3703 1956 3764 in·

1123 3835 1231 3899 finitis
1245 3837 1389 3897 tandem
1404 3842 1637 3915 consumptus
1654 3833 1742 3897 obiit
1757 3833 1810 3896 vir
1824 3820 1959 3895 doctis·

1125 3959 1234 4021 simus
1251 3968 1288 4020 et
1304 3955 1598 4040 diligentissimus
1616 3977 1667 4018 20.
1684 3957 1747 4020 Iul.
1769 3961 1852 4034 1841.

1212 4087 1234 4143 Ι.
1245 4084 1366 4141 Bericht
1378 4082 1453 4140 iiber
1465 4082 1524 4140 den
1533 4084 1693 4160 Ursprung
1704 4084 1759 4140 der
1768 4083 1806 4140 W
1808 4079 1967 4139 allsahrts·

1124 4192 1228 4248 kirche
1246 4188 1418 4265 Wildalpen
1435 4191 1464 4245 in
1482 4187 1670 4246 Obersteier.
1688 4185 1718 4267 (i.
1732 4208 1757 4246 6.
1775 4189 1821 4245 Ι)6
1834 4176 1969 4258 origiss⁶

1125 4296 1380 4373 peregrinationis
1400 4313 1507 4351 sacrae
1527 4293 1565 4350 ad
1586 4294 1744 4351 ecclesiam
1761 4260 1974 4366 Wildalpessl

1130 4399 1221 4472 1833.
1239 4398 1283 4456 8⁰.

1214 4505 1251 4560 ll.
1273 4502 1518 4560 Geschichtliche
1535 4502 1635 4558 Daren
1659 4523 1695 4559 zu
1719 4505 1801 4559 einer
1820 4473 1979 4557 Darstel·

1128 4610 1199 4683 lung
1211 4608 1265 4664 des
1279 4606 1385 4664 Stiltes
1394 4606 1527 4663 Admont
1538 4606 1729 4663 hinsichtlich
1741 4608 1838 4664 seines
1848 4601 1902 4679 gei
1910 4580 1979 4647 sti·

1126 4733 1200 4788 gen,
1224 4711 1533 4769 wissenschastlichen
1557 4710 1616 4767 und
1641 4688 1849 4786 biirgerlichen
1869 4691 1979 4762 ΝΠ·

1127 4818 1203 4874 kens
1218 4836 1279 4873 von
1295 4817 1349 4873 der
1365 4817 1431 4872 Zeit
1445 4817 1545 4872 seiner
1560 4814 1732 4890 Grfindung
1752 4815 1798 4871 bis
1818 4812 1888 4869 iiber
1921 4788 1976 4848 ‘fi‘

1127 4924 1213 4979 Mitte
1230 4922 1283 4977 des
1305 4921 1350 4977 18.
1367 4919 1613 4996 Jahrhundertes.
1639 4916 1669 4997 (i.
1687 4939 1713 4976 e.
1735 4920 1842 4975 Notata
1860 4908 1972 4990 quae·

1128 5026 1194 5082 dam
1213 5026 1357 5082 historica
1373 5043 1452 5080 mon.
1465 5022 1552 5079 Adm.
1572 5021 1808 5102 concernentia.)
1823 5023 1920 5078 hlscr·
1940 4998 1968 5050 ln

1128 5130 1241 5186 archiv.
1258 5128 1399 5185 Admont.

1216 5236 1267 5290 ΙΙΙ.
1290 5232 1390 5290 Ueber
1406 5232 1460 5288 das
1475 5232 1616 5308 Wappen
1633 5231 1688 5288 des
1705 5230 1811 5289 Stiltes
1826 5216 1952 5285 Admont

1129 5339 1189 5395 und
1202 5342 1301 5395 seiner
1310 5336 1418 5393 Aebte.
1432 5334 1533 5394 Ueber
1545 5335 1603 5391 den
1612 5336 1778 5392 Rathstitel
1791 5336 1842 5391 der
1849 5325 1941 5388 Aebfss‘

1130 5439 1160 5519 (i.
1185 5462 1211 5500 e.
1237 5443 1282 5498 De
1307 5443 1416 5515 insigni
1440 5458 1519 5495 1101.
1544 5452 1574 5494 61
1597 5437 1744 5495 abbatum
1761 5459 1816 5496 nec
1840 5454 1892 5493 non
1907 5425 1936 5483 dc
