4088 6270
659 501 942 572 -309-

139 689 218 752 lene
243 689 384 752 omnino
407 688 642 771 responderit.
667 688 757 751 Tum

139 866 142 875 .
156 810 300 874 familiis
316 810 511 874 illustribus
532 829 597 892 per
612 810 758 893 longum

139 935 338 1017 edagogum
355 933 440 1016 egit,
456 931 625 1014 privatim
641 931 758 994 studio

139 1078 145 1119 t
166 1056 229 1119 tali
250 1075 330 1118 cum
350 1074 519 1118 successu
543 1054 695 1135 dedituS,
719 1063 759 1116 ut

139 1198 235 1262 ‚guas
258 1177 474 1241 adamussim
498 1178 696 1259 loquendas
723 1185 760 1238 et

146 1300 501 1383 edisceret,Latinam
510 1297 760 1381 nempe,Grae·

139 1424 262 1487 micam
273 1421 486 1505 (Slavicam),
500 1420 758 1502 Germanicam,

139 1546 322 1629 hnglicam
343 1554 380 1608 et
394 1545 566 1609 Italicam.
590 1542 648 1607 Ob
669 1563 759 1606 mor·

139 1668 190 1731 ris
212 1686 326 1748 aeque
347 1687 390 1730 ac
412 1666 556 1748 spiritus
577 1665 759 1747 inopinate

139 1801 242 1853 ctum
265 1789 311 1851 ad
336 1797 487 1870 penates
506 1787 759 1851 Pterovienses

139 1911 352 1975 aletudinem
368 1930 433 1993 per
448 1921 590 1992 tempus
607 1909 760 1982 curavit;

141 2033 317 2117 regularis
333 2033 510 2097 desiderio
527 2034 664 2114 ductus
678 2052 761 2114 sup·

139 2176 149 2219 s
164 2176 231 2239 pro
247 2155 476 2236 susceptione
492 2153 684 2238 Raigradii
700 2174 760 2216 an·

139 2276 332 2342 {nedictino
348 2277 473 2340 habitu
490 2281 519 2341 8.
536 2274 636 2358 Sept.
657 2275 760 2338 huius

138 2399 343 2482 Augustino
356 2400 554 2462 decoratur.
577 2397 761 2461 Novitiatu

139 2521 223 2585 terio
239 2522 279 2583 P.
296 2520 413 2583 Mauri
432 2521 570 2603 prioris,
594 2521 680 2583 sede
700 2523 762 2583 ab·

138 2653 232 2725 ante,
255 2643 429 2724 absoluto,
446 2643 602 2705 Brunam
622 2643 668 2705 ad
689 2652 762 2705 stu·

139 2765 217 2849 gica
240 2765 491 2846 prosequenda
514 2764 678 2846 mittitur,
702 2765 763 2827 ubi

141 2890 211 2950 obo
227 2887 263 2950 in
280 2886 473 2949 residentia
490 2895 610 2949 nostra
625 2887 764 2949 habita·

144 3008 362 3073 resolutione
375 3008 501 3088 aulica,
516 3029 587 3090 qua
599 3009 764 3071 examina

139 3130 310 3212 :heologia
336 3129 419 3192 anni
447 3130 550 3211 primi
578 3130 613 3192 in
641 3130 764 3193 ordine

159 3254 298 3335 piarum
326 3252 500 3333 praestita
524 3253 680 3315 invalida
704 3254 764 3315 de-

139 3396 161 3458 r,
178 3377 224 3438 ab
241 3393 309 3437 ovo
325 3373 481 3436 studium
494 3394 595 3436 suum
608 3373 764 3454 incipere

141 3498 188 3560 od
212 3516 291 3560 cum
315 3496 499 3578 praeclaro
517 3496 669 3559 confecit
684 3517 766 3579 pro-

154 3621 344 3682 decursum
371 3637 542 3681 annorum
574 3623 765 3683 1833-36.

139 3760 247 3805 ‚onem
264 3740 380 3803 emisit
396 3744 426 3804 8.
444 3739 543 3821 Sept.
565 3745 643 3803 1833
663 3751 699 3803 et
715 3746 765 3804 30.

139 3888 152 3928 1.
174 3865 447 3945 presbyteratus
474 3863 596 3925 ordine
621 3862 767 3945 insigni·

149 3986 274 4048 illustr.
292 3987 384 4049 dom.
402 3985 574 4067 episcopo
592 3985 769 4048 Brunensi

139 4108 236 4172 tonio
254 4106 398 4180 Gindel;
423 4116 496 4171 tum
517 4107 691 4188 primitias
713 4128 768 4170 ce·

139 4231 309 4295 ecclesia
327 4240 447 4293 nostra
464 4230 703 4292 monasteriali
721 4250 767 4308 14.

139 4353 324 4416 ›raesentia
350 4352 473 4414 matris
498 4361 533 4414 et
557 4352 770 4435 consangui-

139 4477 175 4538 >b
196 4495 332 4538 morum
348 4475 573 4557 gravitatem,
597 4474 770 4557 religiosi-

139 4617 318 4682 .nguarum
335 4597 513 4661 variarum
529 4597 690 4660 notitiam
706 4597 770 4659 illi·

139 4740 169 4784 11
190 4720 316 4783 novitii
339 4721 461 4783 Bedae
476 4721 598 4783 Dudlk
619 4718 771 4782 institui-

139 4872 143 4899 »
174 4847 255 4905 1838
278 4843 317 4905 Ρ.
343 4843 531 4924 Baptistae
554 4842 772 4904 bibliotheca

139 4967 175 5028 la
194 4965 383 5028 commissa
399 4964 476 5045 fuit,
497 4985 603 5046 quarn
624 4968 702 5042 1843
722 4967 772 5027 28.

139 5088 277 5150 intonio
292 5087 443 5150 Riicker
458 5107 479 5149 a
495 5085 585 5167 prof.
599 5085 775 5148 Brunensi

139 5209 279 5291 eliquit.
305 5208 528 5273 Secretarius
544 5208 687 5270 abbatis
702 5206 774 5271 fac-

139 5352 222 5413 uper
238 5331 272 5393 in
291 5351 375 5393 cura
389 5331 582 5393 animarum
599 5330 775 5410 laborans,

139 5473 165 5538 e,
186 5453 362 5517 modestia
380 5462 417 5516 et
433 5453 593 5516 doctrina
610 5451 777 5515 omnimo-

836 686 929 769 dam,
953 699 1028 751 tum
1051 688 1265 753 novitiorum
1286 699 1323 753 et
1344 689 1569 771 confratrum,
1593 699 1669 753 turn

836 806 1004 892 fidelium,
1021 830 1169 891 quorum
1182 810 1465 875 confessionibus
1481 813 1669 876 audiendis

836 949 921 993 vere
937 941 1087 1013 paterno
1103 933 1208 995 modo
1224 933 1415 1016 insudavit,
1432 934 1500 999 sibi
1516 936 1668 1018 acquisi-

837 1051 889 1115 vit
904 1052 1188 1116 aestimationem
1209 1064 1245 1118 et
1266 1075 1432 1118 amorem.
1463 1057 1534 1121 Ast
1558 1059 1666 1123 eheu!

837 1194 931 1238 anno
952 1178 1032 1239 1858
1054 1176 1090 1238 in
1110 1196 1210 1240 crure
1232 1178 1382 1241 dextero
1402 1181 1506 1262 gravi
1521 1181 1668 1245 vulnere

838 1295 1069 1361 ictusfrustra
1078 1299 1252 1362 medelam
1263 1299 1297 1362 in
1307 1301 1511 1365 nosocomio
1520 1301 1668 1365 fratrum

837 1419 1443 1508 misericordiaeBrunaequaesivit,
1451 1435 1669 1507 quapropter

843 1544 923 1620 1859
950 1540 1051 1606 initio
1074 1543 1283 1607 Bohemiam
1311 1547 1356 1608 ad
1384 1546 1559 1609 medicum
1582 1548 1671 1611 Pich

837 1662 973 1726 Hoiicii
984 1665 1205 1728 habitantem
1214 1666 1397 1747 profectus
1410 1679 1465 1731 est
1474 1671 1669 1732 undehaud

839 1785 1043 1848 melioratus
1064 1788 1178 1850 redux
1201 1790 1247 1851 ad
1271 1791 1481 1853 coenobium
1505 1793 1552 1854 ad
1576 1812 1670 1855 sum-

839 1927 934 1971 mum
961 1909 1114 1972 omnium
1143 1911 1302 1973 dolorem
1329 1913 1523 1994 apoplexia
1550 1924 1669 1978 tactus

841 2033 891 2093 25.
907 2030 998 2095 Nov.
1020 2031 1055 2094 in
1076 2033 1207 2095 lectulo
1227 2051 1292 2095 suo
1313 2046 1477 2116 repertus
1500 2047 1556 2099 est
1580 2057 1669 2101 mor·

840 2160 921 2215 tuus
938 2161 974 2216 et
988 2157 1027 2215 28
1045 2156 1092 2216 ab
1108 2156 1241 2218 abbate
1254 2152 1440 2220 Gunthero
1453 2159 1671 2223 sollemniter

839 2275 1045 2357 sepulturae
1060 2275 1222 2340 traditus.

927 2396 1048 2478 Opera
1079 2398 1340 2482 manuscripta,
1372 2420 1463 2481 quae
1493 2401 1533 2464 P.
1561 2402 1671 2465 Miick

840 2519 1114 2602 Raigradiensis
1129 2520 1272 2603 reliquit
1287 2531 1454 2603 postuma
1470 2534 1544 2586 tum
1566 2524 1601 2587 in
1617 2501 1672 2587 ar-

842 2643 956 2724 chivo,
980 2652 1054 2705 tum
1078 2642 1114 2704 in
1134 2642 1352 2706 bibliotheca
1377 2645 1612 2709 adservantur
1635 2659 1672 2710 et

843 2776 925 2828 sunt
941 2765 1141 2847 sequentia:

1032 2943 1051 2984 a
1048 2922 1067 3005 )
1084 2923 1125 2984 In
1141 2922 1287 2985 archivo
1304 2924 1484 3005 deposita:

930 3065 953 3121 I.
971 3064 1124 3122 Exercitia
1141 3067 1169 3121 in
1186 3065 1287 3140 lingua
1303 3065 1430 3134 Gallica,
1444 3068 1553 3125 Latina
1569 3083 1600 3126 et
1612 3068 1674 3125 An·

843 3170 923 3246 glica
939 3170 1067 3227 diversis
1084 3173 1169 3227 annis
1186 3172 1360 3247 conscripta
1377 3174 1405 3228 in
1421 3189 1440 3245 4
1458 3171 1531 3231 fasc.
1549 3180 1592 3246 4⁰,
1610 3176 1674 3231 sine

844 3293 914 3351 pag.
932 3273 989 3331 sub
1006 3275 1039 3331 C.
1056 3293 1080 3331 s.
1103 3289 1149 3347 15.
1171 3290 1262 3348 1—4.

931 3380 968 3436 11.
985 3378 1197 3436 Additamenta
1216 3380 1255 3436 ad
1275 3383 1502 3456 grammaticam
1519 3383 1673 3440 ltalianam

845 3484 955 3541 editam
976 3502 1031 3560 per
1046 3485 1086 3541 M.
1102 3485 1281 3560 Meidinger.
1307 3486 1394 3542 Fasc.
1413 3488 1441 3542 in
1457 3493 1501 3560 4⁰,
1523 3489 1588 3545 sine
1604 3506 1674 3564 pag.

845 3588 902 3646 sub
918 3591 952 3648 C.
969 3608 994 3647 s.
1016 3603 1062 3662 15.
1080 3590 1135 3645 No.
1152 3603 1182 3663 5.

932 3695 985 3752 111.
1003 3693 1216 3751 Meditationes
1233 3695 1376 3751 eiusdem.
1398 3696 1423 3751 F
1424 3713 1487 3752 asc.
1505 3698 1533 3751 in
1550 3702 1595 3769 4⁰,
1612 3697 1677 3753 sine

847 3818 916 3876 pag.
934 3798 991 3856 sub
1008 3799 1044 3855 D.
1061 3817 1091 3873 g.
1110 3813 1159 3871 24.

993 3951 1026 4034 b)
1043 3952 1085 4014 In
1100 3950 1316 4014 bibliotheca
1333 3951 1583 4015 adservantur:

935 4095 985 4152 lV.
1003 4095 1245 4151 Exercitationes
1261 4097 1411 4170 poeticae.
1428 4096 1485 4153 Ms.
1502 4115 1571 4172 pap.
1589 4098 1618 4152 in
1634 4101 1678 4168 4⁰.

848 4200 914 4256 Fol.
936 4213 992 4272 147
1011 4197 1067 4256 sub
1084 4199 1161 4255 Msn.
1179 4197 1251 4256 606.
1268 4198 1353 4274 Sign.
1371 4200 1445 4278 1711.
1464 4200 1486 4257 1.
1503 4199 1533 4256 b.
1551 4214 1580 4274 5.

935 4344 1172 4421 Miilleitner
1189 4357 1218 4418 F
1226 4358 1481 4423 ordinandus
1504 4357 1679 4438 (Gottvi-

849 4473 1015 4556 censis),
1040 4481 1146 4536 natus
1170 4474 1227 4537 die
1255 4495 1301 4540 10.
1323 4474 1401 4539 Oct.
1428 4481 1508 4556 1759
1532 4476 1568 4538 in
1587 4476 1680 4556 Palt,

849 4596 972 4658 villula
992 4597 1039 4658 ad
1059 4597 1198 4659 radices
1219 4596 1348 4659 montis
1364 4595 1623 4679 Gottvicensis,
1645 4608 1682 4659 et

850 4718 977 4781 studiis
993 4717 1218 4781 inferioribus
1231 4716 1399 4802 Gottvici,
1416 4718 1681 4783 humanioribus
1770 4781 1779 4796 ,

851 4849 887 4903 et
902 4839 1158 4922 philosophicis
1170 4839 1332 4903 Viennae
1348 4841 1531 4923 absolutis,
1547 4859 1574 4903 s
1588 4839 1683 4903 ordi-

851 4962 906 5025 nis
921 4960 1045 5025 habitu
1062 4961 1120 5024 die
1138 4983 1187 5025 22.
1207 4961 1285 5027 Oct.
1308 4966 1389 5044 1780
1404 4964 1547 5027 indutus
1569 4970 1625 5025 est
1646 4971 1682 5025 et

852 5085 1057 5147 sollemnem
1079 5084 1337 5167 professionem
1358 5085 1415 5149 die
1437 5105 1483 5147 12.
1502 5084 1580 5150 Oct.
1602 5089 1681 5164 1783

854 5207 979 5270 emisit.
1014 5206 1221 5288 Disciplinis
1251 5206 1463 5290 theologicis
1491 5206 1586 5269 domi
1613 5207 1683 5288 pri·

855 5349 948 5391 mum
964 5328 1122 5391 initiatus
1139 5337 1175 5391 et
1191 5327 1226 5390 in
1242 5328 1401 5411 generali
1417 5327 1605 5391 seminario
1621 5329 1684 5389 ab·

856 5451 980 5515 solutis
1011 5450 1068 5513 die
1100 5471 1125 5515 1.
1152 5449 1240 5512 Maii
1271 5455 1351 5530 1788
1377 5449 1528 5531 primurn
1555 5448 1683 5512 missae
