4088 6270
869 548 911 558 —
956 510 1077 574 CXIII
1123 548 1163 558 -

170 735 439 807 Cremifanensis:
479 739 672 802 Casimirus
710 738 814 819 Moll,
853 737 1144 815 Lunaelacensis,
1184 738 1243 818 qui
1280 738 1411 819 linguis
1449 756 1534 799 suae
1573 738 1702 799 aetatis
1741 738 1876 800 dabant

178 896 293 958 operam
309 878 339 956 ¹).

278 1015 469 1078 Praeterea
492 1014 554 1077 filii
577 1037 604 1079 s.
629 1015 815 1078 Benedicti
839 1014 995 1077 carmina
1019 1024 1055 1076 et
1078 1015 1181 1095 epica
1211 1024 1246 1077 et
1272 1015 1383 1097 lyrica
1406 1035 1565 1098 pangere
1589 1035 1768 1098 nunquam
1793 1017 1877 1079 omi·

184 1165 280 1217 semnt.
322 1155 519 1218 Maximam
542 1174 627 1218 vero
644 1174 770 1218 ’curam
794 1154 829 1217 in
852 1154 955 1235 poesi
978 1154 1118 1216 scenica
1141 1156 1334 1236 ponebant,
1358 1166 1559 1236 propterea,
1584 1156 1679 1236 quod
1706 1154 1741 1218 in
1769 1157 1878 1219 omni-

186 1295 232 1354 hus
249 1293 366 1356 scholis
388 1292 532 1356 fabulae
555 1295 764 1376 agebantur.
802 1293 977 1375 Magister
999 1312 1060 1355 eas
1084 1294 1246 1355 docebat.
1283 1294 1544 1375 Argumentum
1567 1304 1629 1356 aut
1645 1313 1689 1355 ex
1707 1313 1733 1357 s.
1750 1293 1878 1357 litteris

187 1442 228 1493 aut
253 1450 290 1492 ex
320 1431 469 1494 historia
501 1433 666 1495 haustum
701 1440 786 1494 erat.
833 1431 901 1512 Qui
936 1431 1106 1513 plurimas
1139 1429 1280 1493 fabulas
1319 1433 1531 1510 docuerunt,
1567 1443 1666 1494 sunt:
1702 1432 1876 1515 Virgilius

188 1568 367 1652 Kleinmayr,
392 1569 615 1639 Garstensis;
644 1569 766 1633 Simon
789 1571 1069 1652 Rettenpacher,
1094 1568 1385 1642 Cremifanensis;
1414 1571 1639 1634 Hermannus
1663 1572 1874 1651 Sarsteiner,

188 1707 439 1779 lunaelacensis;
464 1710 689 1792 Augustinus
711 1709 947 1791 Kendlinger,
972 1709 1192 1772 Aemilianus
1208 1709 1330 1773 Pirkel
1353 1711 1399 1772 ad
1423 1729 1449 1772 s.
1467 1709 1611 1772 Petrum
1629 1708 1829 1792 Salisburgi
1845 1713 1876 1791 2).

279 1849 345 1910 Ars
368 1848 503 1911 musica
526 1867 667 1930 quoque
690 1848 848 1912 studiose
873 1849 967 1912 culta
991 1859 1056 1912 est.
1102 1849 1181 1930 Qua
1204 1849 1240 1911 in
1263 1859 1340 1912 arte
1365 1869 1531 1931 magnam
1559 1849 1613 1911 sui
1641 1848 1772 1912 famam
1795 1850 1875 1912 reii-

188 1997 300 2063 querunt
320 1986 500 2049 Marianus
524 1984 678 2066 Gurtler,
702 1986 937 2075 Mellicensis:
967 1987 1205 2069 Engelbertus
1229 1985 1366 2069 depl,
1395 1987 1661 2050 Maximilianus
1684 1988 1877 2066 Kerscher,

187 2119 415 2193 Gottvicenses:
441 2124 588 2189 Gabriel
603 2126 631 2188 F
634 2126 717 2188 ideli
734 2137 770 2189 et
787 2124 934 2188 Carolus
951 2123 1076 2207 Stang,
1094 2124 1430 2193 Seitenstettenses:
1455 2127 1691 2208 Ildephonsus
1708 2125 1877 2208 Schnepf,

187 2256 359 2326 (rodhardus
381 2264 593 2337 Heberlein‚
617 2263 842 2347 Augustinus
867 2261 968 2339 Gerl,
993 2265 1179 2347 Rupertus
1203 2265 1460 2347 Langbartner,
1486 2264 1770 2328 Cremifanenses
1784 2268 1818 2346 ³).

919 2713 1023 2778 CAP.
1048 2714 1109 2779 III.

277 2957 424 3040 Magnos
448 2956 643 3018 animorum
666 2957 830 3037 ImpetuS,
854 2957 913 3037 qui
936 2958 1052 3019 medio
1077 2958 1219 3020 saeculo
1237 2956 1373 3021 XVIII.
1397 2958 1433 3020 ln
1456 2957 1603 3040 imperio
1618 2958 1875 3040 Habsburgen·

184 3086 245 3154 siun
261 3094 341 3158 facti
364 3106 476 3176 erant,
499 3093 561 3157 filii
585 3114 611 3157 s.
628 3094 816 3157 Benedicti
838 3103 974 3158 tantum
997 3098 1101 3158 abest
1125 3105 1163 3158 ut
1186 3096 1439 3177 prohibuerint,
1472 3107 1510 3158 ut
1541 3096 1740 3177 complures
1773 3097 1876 3158 huius

183 3229 278 3295 ordinis
298 3234 439 3297 sodales
463 3252 525 3296 eos
547 3252 678 3316 magno
702 3252 810 3314 opere
833 3234 1043 3296 adiuverint.
1080 3233 1207 3298 Studia
1231 3235 1323 3297 enim
1345 3235 1553 3313 litterarum,
1577 3236 1613 3296 in
1638 3236 1766 3317 quibus
1790 3237 1876 3298 ordo

180 3378 255 3433 antea
274 3376 490 3453 versabatur,
514 3394 593 3436 cum
616 3373 651 3434 in
668 3374 869 3456 theologiae
886 3385 922 3437 et
937 3375 1104 3437 historiae
1120 3375 1306 3457 angustias
1322 3375 1544 3455 potissimum
1562 3376 1877 3458 compingerentur

178 3498 237 3570 inde
253 3515 294 3574 ab
316 3532 408 3575 anno
437 3516 517 3591 1750
540 3532 606 3594 per
629 3522 766 3575 ceteras
790 3532 932 3595 quoque
955 3524 1050 3576 artes
1075 3512 1203 3576 diffusa
1226 3523 1317 3591 sunt,
1341 3532 1457 3594 neque
1473 3524 1550 3575 arte
1566 3513 1704 3576 medica
1721 3526 1875 3595 excepta

176 3656 232 3709 erat
250 3649 438 3733 disciplina,
462 3651 518 3713 cui
542 3670 611 3714 non
636 3652 778 3714 deditus
801 3663 906 3715 esset.

274 3791 381 3853 Ratio
398 3801 433 3852 et
449 3790 508 3853 via
523 3790 744 3873 scholastica,
769 3810 860 3872 quae
876 3790 911 3853 in
926 3790 1086 3853 formulis
1103 3792 1255 3853 maxime
1271 3793 1492 3871 versabatur,
1516 3792 1562 3852 ab
1579 3790 1632 3852 his
1653 3790 1873 3871 temporibus

170 3917 363 3991 abhorrebat.
403 3929 477 3991 Iam
494 3931 540 3990 ad
556 3929 778 4011 disciplinam
794 3928 1031 4012 dogmaticam
1056 3930 1203 4010 eiusque
1218 3928 1346 4009 ionteS,
1370 3948 1489 3991 sacras
1512 3929 1649 3991 litteras
1671 3929 1875 4010 scrIptaque

166 4070 188 4113 S·
212 4060 353 4145 Patrum,
385 4068 673 4149 cognoscendos,
705 4066 897 4129 studiosius
929 4067 1161 4130 intendebant
1192 4077 1337 4130 mentes.
1384 4067 1463 4148 Quo
1497 4068 1532 4130 in
1562 4086 1694 4148 genere
1729 4076 1873 4149 praeter

165 4196 376 4288 ‚theologiam
407 4205 688 4286 scholasticam“,
723 4225 828 4286 quam
863 4205 1004 4286 scripsit
1037 4203 1161 4268 Gallus
1192 4206 1329 4270 Cartier
1360 4226 1379 4268 e
1410 4207 1625 4269 monasterio
1656 4205 1872 4268 Ettenheim-

161 4325 315 4423 Mslnster,
346 4346 392 4407 ad
419 4363 478 4407 res
511 4345 588 4407 eius
619 4343 748 4407 aetatis
778 4344 990 4426 insigniores
1020 4366 1062 4407 ea
1092 4345 1287 4427 pertinent,
1319 4364 1410 4426 quae
1442 4344 1616 4407 Martinus
1639 4341 1793 4406 Gerbert
1829 4345 1873 4404 de

158 4461 297 4562 HOrnau,
319 4482 609 4546 bibliothecarius
633 4495 669 4545 et
692 4493 819 4564 postea
843 4483 969 4545 Abbas
993 4484 1160 4566 princeps
1185 4485 1230 4546 ad
1253 4504 1280 4548 s.
1298 4484 1457 4546 Blasium
1481 4483 1516 4546 in
1540 4483 1652 4566 Nigra
1668 4482 1768 4546 Silva
1792 4502 1873 4545 con·

155 4611 299 4701 scripsit,
334 4641 438 4703 quem
470 4621 710 4704 Engelbertus
741 4622 907 4704 Kliipfel,
942 4622 1125 4704 professor
1155 4622 1406 4704 Friburgensis
1437 4622 1491 4684 his
1524 4621 1644 4684 verbis
1677 4621 1833 4683 extollit:
1850 4624 1873 4697 ⁴)

152 4736 241 4815 -Ϋίκ
262 4770 312 4821 est
334 4761 537 4843 theologiae
554 4760 764 4823 universalis
788 4780 872 4842 pars
893 4761 1022 4842 aliqua,
1047 4761 1146 4823 cuius
1163 4761 1402 4823 institutiones
1420 4780 1489 4823 non
1506 4761 1752 4842 publicaverit,
1777 4761 1871 4822 unde

263 4960 447 4968 ·-———-—

276 5125 295 5189 ¹)
317 5119 361 5176 De
384 5122 505 5196 scriptis
529 5139 633 5177 eorum
658 5121 726 5176 vide
750 5119 949 5195 Ziegelbauer
974 5122 991 5176 I.
1016 5142 1042 5177 c.
1068 5134 1097 5177 et
1122 5122 1222 5177 Friess
1248 5120 1264 5174 I.
1288 5140 1313 5175 c.

275 5232 295 5308 )
318 5233 416 5290 Friess
440 5233 457 5289 Ι.
483 5250 527 5300 c.;
552 5233 642 5308 Hagn
666 5234 684 5290 l.
709 5252 753 5299 c.;
778 5234 854 5290 Hist.
880 5238 958 5290 univ.
983 5233 1093 5290 Salisb.

273 5341 294 5418 ³)
315 5344 413 5402 Friess
437 5346 455 5401 I.
479 5365 506 5402 c.

275 5456 294 5527 ⁸)
315 5455 496 5532 Freiburger
520 5459 802 5516 [fideman-Archiv
827 5459 904 5515 V111.
