4088 6270
905 512 953 522 —
1014 493 1082 562 ¹4²
1139 515 1212 573 —,

177 667 333 755 sophicis
345 690 438 736 anno
456 676 537 735 1830
548 670 682 735 Labaci
694 673 877 756 absolutis,
889 675 1007 738 locum

178 797 374 875 quaerebat
389 805 426 859 et
441 793 595 858 obtinuit
614 793 650 855 in
670 795 881 859 cancellaria
900 797 1006 861 ratio·

177 921 265 984 narii
280 919 415 1003 publici
429 917 636 999 Labacensi,
658 937 703 980 ex
725 936 795 999 quo
810 937 903 983 anno
924 923 1004 984 1835

177 1044 350 1126 discessit,
371 1053 408 1106 et
427 1043 474 1105 ad
494 1060 520 1104 s.
542 1040 691 1104 Paulum
714 1041 870 1122 supplex
891 1051 928 1104 et
947 1060 1005 1104 su·

176 1179 335 1251 sceptus,
363 1164 587 1250 Clagenfurti
617 1165 771 1228 studium
801 1164 1004 1247 theologiae

176 1292 332 1358 absolvit
355 1310 448 1355 anno
473 1294 563 1368 1840.
588 1286 744 1351 Primum
767 1286 818 1349 rei
841 1287 1003 1369 agrariae

176 1416 389 1481 ediscendae
420 1432 529 1504 causa
558 1410 594 1475 11
623 1409 771 1494 praedio
803 1408 1007 1472 Ebemdorf

175 1552 345 1624 moratus,
376 1540 459 1603 dein
474 1520 535 1600 ad
566 1555 592 1598 s.
620 1534 770 1597 Paulum
800 1530 1004 1614 praefectus

175 1666 412 1730 studiosorum
429 1660 681 1739 convictorum,
697 1665 825 1738 postea
836 1654 889 1717 rei
901 1673 1004 1737 agra-

174 1789 247 1852 riae
267 1785 450 1870 praefecto
467 1779 718 1848 San-Paulano
733 1777 922 1840 adiunctus
938 1786 1002 1840 est.

174 1912 234 1974 Ab
250 1929 343 1973 anno
364 1911 443 1987 1844
465 1903 596 1968 eratin
616 1901 804 1986 gymnasio
820 1899 1003 1964 San-Pau-

172 2035 255 2096 lano
278 2030 459 2114 professor
487 2025 652 2090 classium
675 2021 1001 2106 grammaticalium,

173 2156 280 2238 paulo
310 2161 394 2235 post
427 2152 463 2213 in
497 2147 684 2232 gymnasio
716 2142 1002 2227 Clagenfurtensi

173 2277 336 2341 classium
351 2272 593 2345 humanitatis;
611 2272 657 2332 ab
672 2286 765 2331 anno
782 2271 947 2345 1850-72
965 2265 1001 2328 in

171 2400 358 2485 gymnasio
369 2392 654 2478 Clagenfurtensi
666 2388 838 2472 superiori
847 2390 1002 2452 docebat

171 2522 364 2603 historiam,
383 2520 521 2582 litteras
537 2513 769 2579 Germanicas
785 2521 822 2575 et
837 2530 902 2593 per
922 2511 1000 2592 plu-

171 2666 228 2709 res
243 2663 356 2708 annos
372 2643 479 2705 etiam
494 2639 653 2722 linguam
668 2636 838 2700 Italicam.
859 2632 999 2696 Muneri

171 2767 322 2832 docendi
338 2765 497 2828 studiose
513 2781 593 2825 sese
611 2759 808 2842 applicans,
828 2755 999 2838 imprimis

169 2891 297 2955 litteris
318 2885 538 2952 Germanicis
559 2885 726 2954 vacabat;
751 2881 842 2943 iuste
866 2880 998 2941 docens

170 3011 296 3074 meruit
310 3011 453 3073 laudem
464 3005 684 3089 superiorum
698 3012 734 3066 et
746 3002 998 3083 discipulorum

168 3143 308 3219 gratam
336 3129 608 3194 observantiam.
640 3125 728 3190 Cum
754 3125 885 3207 linguis
908 3123 998 3186 anti-

168 3257 247 3340 quis
264 3256 417 3319 callebat
433 3251 614 3333 Gallicam,
630 3248 863 3312 Brittanicam
880 3248 997 3311 11111-

167 3379 282 3460 licam,
303 3395 435 3458 easque
454 3376 618 3437 lubenter
637 3374 772 3455 legens
800 3369 996 3433 Botanicae

168 3510 205 3563 et
223 3500 274 3562 rei
294 3497 509 3561 nummariae
529 3496 693 3558 assiduus
714 3495 835 3576 cultor,
857 3494 996 3574 planta-

166 3641 243 3685 rum
271 3631 307 3684 11
331 3620 556 3701 antiquorum
583 3636 800 3680 nummorum
828 3635 995 3699 magnam

167 3744 371 3828 congeriem
406 3743 591 3822 servabat,
623 3750 659 3804 et
690 3760 768 3802 cum
800 3739 994 3801 architecto

165 3866 348 3948 Leopoldo
379 3866 424 3927 de
454 3863 579 3926 Huber
606 3861 827 3944 Clagenfurti
853 3864 994 3925 hortum

164 3988 367 4051 botanicum
394 3985 596 4049 aedificavit
626 3994 663 4048 et
693 3985 781 4047 scite
809 3985 992 4068 disposuit.

165 4108 384 4173 Societatum
400 4108 643 4171 botanicarum
660 4105 872 4189 Carinthiae,
884 4107 993 4171 Vien-

163 4233 283 4296 nensis
296 4231 617 4295 etRatisbonensis
630 4240 706 4292 erat
717 4231 862 4304 sodalis;
880 4232 992 4294 socie-

162 4354 247 4417 tatis
261 4354 450 4416 historicae
463 4352 664 4417 Carinthiae
681 4362 717 4415 et
730 4352 823 4415 illius
835 4373 900 4435 pro
913 4355 991 4417 hor·

162 4475 207 4538 tis
232 4475 389 4538 colendis
411 4484 488 4538 erat
511 4475 643 4537 sodalis
670 4486 706 4537 et
724 4475 770 4537 ad
791 4477 990 4539 consultan-

162 4600 244 4661 dum
261 4598 430 4662 delectus.
449 4597 554 4660 Anno
571 4602 650 4677 1872
665 4598 857 4681 apoplexia
872 4608 990 4662 tactus

161 4720 218 4784 die
236 4740 265 4800 7.
281 4720 356 4784 Iun.
373 4720 514 4802 placide
531 4720 752 4785 obdormivit.

247 4876 452 4961 Sequuntur
495 4880 571 4942 eius
613 4879 746 4961 scripta
787 4880 884 4963 typis
925 4881 987 4942 im-

160 5021 298 5082 pressa:

245 5146 268 5202 1.
293 5145 428 5202 Chronik
448 5145 501 5202 des
517 5144 728 5222 Gymnasiums
752 5167 787 5203 zu
808 5147 988 5222 Klagensurt

157 5268 218 5307 von
234 5251 346 5307 seinem
363 5250 530 5307 Entstehen
552 5249 600 5307 bis
619 5270 671 5305 zur
692 5250 886 5326 Gegenwart.
912 5249 985 5329 (1.1.

158 5353 331 5410 Chronicon
346 5356 492 5429 gymnasii
510 5352 789 5433 Clagenfurtensis.)
810 5356 986 5429 Programm

156 5458 210 5514 des
221 5458 250 5514 k.
258 5457 287 5514 k.
295 5457 509 5534 Gymnasiums
522 5478 557 5513 zu
568 5457 755 5532 Klagensurt.
773 5458 830 5516 Am
840 5457 984 5516 Schlusse

1085 679 1140 738 des
1163 679 1393 758 Studienjahres
1420 684 1511 760 1851.
1543 689 1733 766 Klagenlurt.
1759 693 1882 757 Gednut

1085 785 1133 843 bei
1149 786 1266 862 Johann
1282 788 1379 847 Leon.
1396 809 1426 866 p.
1448 790 1561 850 1-68.
1579 792 1622 852 8⁰.

1172 892 1209 949 ll.
1225 893 1385 951 Zeittaleln
1400 915 1436 952 zu
1448 895 1567 956 Gothes
1582 899 1690 958 Leben
1707 902 1764 959 und
1775 902 1882 964 Wirken.

1084 992 1114 1073 (i.
1135 1013 1162 1052 e.
1183 995 1231 1052 Ad
1252 999 1344 1054 vitam
1367 1012 1398 1055 et
1420 1000 1529 1075 agendi
1552 1004 1701 1061 rationem
1727 1004 1882 1067 Gotheanau

1084 1097 1204 1157 tabulae
1213 1101 1656 1182 chronologicae.)Programm
1664 1107 1719 1167 des
1728 1109 1884 1170 k.k.Staats·

1082 1207 1289 1279 gymnasiums
1315 1227 1351 1262 zu
1381 1208 1570 1284 Kiageniurt.
1606 1211 1664 1269 Am
1691 1210 1823 1272 Schlusse
1842 1216 1883 1274 (111

1083 1305 1310 1384 Studienjahres
1340 1311 1431 1385 1852.
1463 1314 1652 1390 Klageniurt.
1683 1317 1826 1377 Gedruckt
1845 1320 1882 1379 bei

1083 1412 1149 1488 Joh.
1163 1414 1259 1471 Leon.
1276 1434 1307 1491 p.
1328 1416 1441 1491 1—87.
1459 1415 1501 1476 80.

1170 1518 1223 1575 ΙΙΙ.
1247 1520 1304 1576 [)11
1319 1521 1344 1576 F
1346 1533 1411 1578 este
1431 1521 1486 1578 der
1502 1522 1655 1600 Republik
1670 1525 1808 1603 Venedig.
1827 1527 1882 1606 (1.1

1082 1623 1175 1678 Festa
1205 1623 1390 1700 reipublicae
1417 1626 1632 1709 Venetiamm.)
1664 1631 1824 1707 Programn
1842 1632 1882 1690 des

1083 1726 1113 1782 k.
1134 1726 1164 1783 k.
1186 1726 1399 1802 Gymnasiums
1423 1733 1452 1787 in
1473 1733 1662 1807 Klageniurt.
1694 1734 1750 1793 Am
1769 1734 1881 1793 Schlusse

1083 1831 1136 1888 des
1153 1830 1380 1908 Studienjahres
1402 1832 1492 1908 1865.
1517 1836 1677 1896 Gedruckt
1697 1839 1746 1897 bei
1764 1842 1820 1918 Joh.
1836 1841 1880 1897 und

1082 1937 1131 1992 Fr.
1150 1937 1246 1995 Leon.
1263 1957 1293 2015 p.
1315 1937 1427 2012 1—64.
1445 1939 1488 1998 8⁰.

1168 2042 1219 2099 IV.
1235 2042 1294 2100 Die
1310 2044 1400 2101 Feste
1416 2046 1470 2102 der
1486 2045 1638 2123 Republik
1655 2049 1795 2125 Venedig.
1813 2050 1878 2106 Fon·

1081 2158 1208 2222 setzung
1228 2147 1282 2204 des
1302 2149 1514 2224 Programmes
1534 2171 1595 2209 von
1621 2152 1712 2227 1865.
1735 2155 1877 2229 Progrann

1080 2250 1135 2307 des
1157 2251 1185 2308 k.
1202 2251 1233 2308 k.
1255 2252 1565 2330 Staatsgymnasiums
1586 2278 1622 2314 zu
1643 2259 1817 2335 Klagenfurt.
1836 2257 1878 2313 An

1079 2352 1225 2412 Schlusse
1241 2356 1295 2412 des
1312 2356 1541 2433 Studienjahres
1562 2356 1653 2420 1866.
1679 2363 1779 2420 Druck
1796 2381 1843 2419 von
1859 2360 1876 2435 J

1080 2459 1138 2515 und
1155 2461 1205 2516 Fr.
1223 2461 1319 2519 Leon.
1337 2481 1366 2538 p.
1389 2477 1501 2537 1—59.
1520 2463 1562 2523 8⁰.

1166 2565 1202 2622 V.
1234 2566 1374 2641 Beitrage
1405 2587 1458 2623 zur
1485 2568 1576 2625 Flora
1603 2569 1657 2627 des
1684 2568 1874 2627 Lavantthales.

1078 2665 1108 2746 (i.
1126 2687 1153 2726 e.
1169 2668 1323 2727 Adnotata
1343 2671 1381 2728 ad
1401 2673 1492 2729 flores
1508 2674 1595 2730 vallis
1614 2673 1810 2752 Lavantinae.)
1824 2672 1874 2729 kla-

1078 2773 1207 2849 geniurt.
1233 2773 1391 2831 Gedruckt
1410 2773 1460 2832 bei
1480 2778 1514 2833 F.
1536 2795 1596 2834 von
1613 2776 1872 2856 Kleinmayr.1853·

1078 2896 1107 2953 p.
1129 2877 1302 2936 1—11.8⁰.

1164 2982 1215 3039 VI.
1236 2982 1436 3062 [Entstehung
1455 2982 1510 3042 der
1531 2988 1795 3045 osterreichischen
1811 2985 1871 3042 Mon·

1076 3088 1187 3143 archie.
1209 3083 1284 3165 (1.1.
1307 3088 1354 3144 De
1374 3092 1478 3163 genesi
1500 3092 1694 3149 monarchiae
1708 3081 1870 3159 Austriacae.)

1077 3191 1265 3266 Klagensurt.
1283 3192 1442 3251 Gedruckt
1456 3191 1506 3250 bei
1522 3195 1556 3252 F.
1569 3215 1598 3251 v.
1613 3196 1788 3271 Kleinmayr.
1805 3191 1868 3262 1852·

1075 3310 1106 3372 P·
1128 3311 1238 3369 1*²4·
1257 3303 1300 3369 4⁰·

1163 3401 1229 3458 v11.
1246 3399 1347 3458 Ueber
1363 3403 1465 3459 antike
1481 3404 1618 3460 Mdnzen.
1635 3401 1665 3482 (i.
1684 3423 1710 3461 e.
1733 3399 1868 3460 beaumis·

1076 3504 1205 3562 metibus
1232 3504 1390 3585 veterum.)
1420 3506 1621 3582 Abgedruckt
1651 3511 1689 3565 im
1716 3508 1816 3565 Archiv
1837 3500 1868 3556 sslf

1074 3609 1314 3666 vaterldndische
1336 3610 1520 3668 Geschichte
1540 3612 1601 3668 und
1624 3612 1833 3689 Topographie
1848 3601 1867 3660 8·

1073 3715 1237 3790 Jahrgang.
1263 3713 1455 3789 Klagensurt‚
1482 3713 1572 3788 1863.
1598 3717 1703 3774 Druck
1724 3735 1779 3773 von
1795 3715 1815 3791 J
1828 3704 1867 3765 und

1073 3819 1124 3875 Fr.
1141 3820 1237 3875 Leon.
1253 3838 1282 3894 p.
1303 3819 1439 3892 71—80.
1458 3818 1500 3876 80.

1160 3924 1240 3980 VIII.
1266 3924 1363 3979 Franz
1385 3923 1548 3981 Freiherrn
1571 3942 1632 3981 von
1653 3925 1785 3982 Wulsens
1804 3920 1867 3978 Flora

1073 4030 1176 4084 norica
1189 4029 1423 4103 phanerogama.
1441 4025 1470 4106 (i.
1485 4047 1511 4085 e.
1525 4030 1550 4084 F
1552 4031 1679 4086 rancisci
1693 4030 1710 4086 l.
1724 4030 1752 4087 b.
1766 4018 1866 4085 dewul·

1073 4130 1143 4210 len.)
1172 4133 1213 4188 lm
1241 4131 1389 4206 Austrage
1416 4132 1471 4189 des
1497 4127 1866 4209 zoologisch·botanischeo

1071 4237 1217 4294 Vereines
1238 4240 1267 4293 in
1283 4237 1373 4294 Wien
1395 4236 1647 4312 herausgegeben
1667 4256 1737 4295 vom
1751 4235 1816 4295 Med.
1829 4230 1865 4286 Dr·

1070 4341 1194 4398 Eduard
1205 4343 1296 4398 Fenzl
1313 4342 1372 4398 und
1384 4342 1417 4399 P.
1432 4343 1544 4400 Rainer
1556 4342 1645 4400 Grai.
1659 4343 1757 4411 wien,
1772 4329 1864 4398 ocull

1075 4445 1165 4520 1858.
1183 4466 1212 4524 ρ.
1230 4447 1311 4503 XIV.
1329 4444 1402 4503 816.

1157 4590 1278 4665 Graff
1299 4602 1558 4666 Aemilianus
1573 4593 1864 4687 (Lambertinusl

1068 4729 1173 4783 natus
1186 4730 1241 4784 est
1253 4721 1288 4784 in
1297 4722 1483 4785 Kiirmend
1499 4723 1534 4785 in
1543 4723 1730 4806 Hungaria
1742 4717 1862 4801 1481Ρο

1072 4848 1163 4921 1745.
1189 4843 1401 4908 Monachum
1422 4846 1536 4908 induit
1557 4846 1604 4908 ad
1625 4865 1652 4908 s.
1673 4847 1862 4910 Lamberturss

1067 4966 1103 5028 in
1119 4964 1239 5049 Styria
1261 4987 1307 5030 10.
1321 4968 1417 5050 Aug.
1437 4973 1528 5050 1764,
1545 4969 1605 5031 ubi
1618 4979 1703 5033 vota
1718 4954 1863 5033 sollennia

1067 5089 1184 5152 emisit
1215 5109 1261 5153 11.
1290 5091 1386 5172 Aug.
1418 5094 1509 5170 1765.
1541 5091 1729 5155 Absolutis
1755 5090 1787 5152 in
1807 5083 1862 5162 ip⁵⁰

1066 5212 1280 5275 monasterio
1293 5233 1357 5276 suo
1366 5214 1494 5276 studiis
1506 5215 1717 5298 theologicis
1725 5201 1862 5296 primitias

1066 5334 1260 5397 celebravit
1280 5354 1306 5398 1.
1324 5333 1402 5399 Oct.
1424 5338 1514 5414 1769.
1532 5335 1682 5399 Exinde
1698 5330 1861 5416 superiores

1066 5475 1144 5519 eum
1154 5457 1464 5537 poenitentiarium
1474 5457 1733 5522 constituerunt
1744 5458 1775 5519 in
1784 5438 1861 5515 Cellis
