4088 6270
765 530 1046 601 ,521-

36 719 247 781 servierunt.
272 717 335 780 Uti
352 717 448 779 edita
469 721 550 778 1830
564 716 713 779 historia
729 716 867 778 univer·

35 841 112 920 sali,
130 860 223 920 quae
240 840 275 901 in
288 839 447 922 plurimis
464 839 634 901 institutis
651 836 867 920 philosophi·

35 962 86 1024 cis
103 972 140 1024 et
156 961 449 1024 universitatibus
462 981 527 1043 pro
540 959 692 1023 manuali
710 959 867 1041 praelec-

33 1082 171 1145 tionum
185 1086 355 1164 adoptata
375 1092 439 1162 est,
456 1081 524 1143 sibi
542 1082 576 1143 in
592 1083 679 1143 orbe
695 1079 867 1142 litterario

35 1225 163 1266 nomen
186 1215 222 1266 et
242 1206 410 1266 honorem
436 1202 673 1284 comparavit,
698 1202 748 1263 ita
772 1200 867 1262 dicta

34 1326 276 1407 topographia
286 1323 650 1387 statistico-historice
660 1323 867 1385 elucubrata

33 1446 231 1526 Moraviae‚
248 1455 432 1508 aeternum
445 1446 513 1508 sibi
528 1445 648 1528 posuit
664 1462 867 1506 monumen-

32 1579 119 1630 tum.
148 1568 266 1630 Finito
287 1587 379 1629 anno
399 1568 612 1630 scholastico
634 1571 712 1644 1842
732 1564 868 1644 Wolny

35 1690 146 1751 etiam
160 1709 181 1750 a
194 1689 398 1770 professura
408 1688 574 1751 historiae
588 1687 797 1750 universalis
810 1687 867 1747 ab·

34 1812 176 1873 solutus
192 1823 260 1884 est;
275 1832 313 1872 22
325 1830 436 1872 annos
449 1809 648 1871 exantlavit
657 1829 726 1890 qua
735 1807 867 1889 profes-

33 1954 103 2007 sor,
121 1934 244 1995 honori
262 1932 465 1994 monasterii
484 1942 519 1993 et
540 1931 739 1992 auditorum
758 1927 867 1990 omni-

31 2075 151 2136 genae
163 2056 307 2117 utilitati
321 2055 488 2118 intentus
507 2055 714 2115 Intenderat
722 2053 869 2131 insuper

31 2176 309 2258 topographiam
323 2176 601 2238 ecclesiasticam
614 2173 797 2235 Moraviae
813 2182 868 2253 ty-

32 2299 89 2379 pis
106 2299 223 2376 edem,
247 2308 397 2378 accepto
412 2297 505 2358 hunc
523 2297 558 2358 in
573 2294 680 2357 finem
696 2295 868 2357 facultate

35 2442 54 2480 e
69 2419 203 2481 tabulis
212 2418 395 2481 Moraviae
408 2429 443 2480 et
455 2419 691 2500 registratura
703 2416 868 2499 gubernii

33 2539 180 2602 notitias
198 2540 429 2621 excerpendi;
448 2560 539 2621 quae
556 2549 637 2601 acta
654 2559 760 2620 quum
778 2538 868 2600 diffi-

33 2662 148 2724 culter
164 2663 209 2722 ad
222 2661 474 2723 monasterium
486 2661 767 2742 admitterentur,
780 2662 867 2722 Bru-

32 2802 101 2845 nae
118 2801 184 2862 per
200 2791 341 2863 tempus
357 2783 392 2843 in
409 2791 529 2844 nostra
545 2781 738 2843 residentia
760 2783 867 2863 dege-

33 2914 97 2965 rat.
123 2903 321 2984 Incipiente
346 2925 438 2966 anno
464 2909 543 2982 1843
566 2904 694 2966 iterata
716 2904 794 2967 vice
815 2915 867 2966 to-

33 3038 106 3088 tam
117 3026 325 3106 peragravit
335 3025 541 3105 Moraviam,
556 3026 592 3087 in
605 3026 753 3088 urbibus
765 3046 866 3108 prae·

32 3148 148 3228 cipuis
165 3147 297 3209 diutius
314 3167 534 3209 commorans
556 3149 602 3209 ad
624 3150 799 3210 eruendos
821 3167 866 3209 ex

33 3267 189 3330 archivis
206 3269 338 3329 ibidem
356 3269 594 3331 existentibus
616 3289 728 3331 novos
749 3269 866 3331 fontes

31 3410 97 3471 pro
123 3410 216 3452 novo
241 3399 365 3452 vastae
390 3391 598 3453 eruditionis
622 3410 747 3472 opere,
771 3392 865 3471 quod

32 3513 264 3575 moliebatur:
298 3512 557 3594 „topographia
590 3512 864 3577 ecclesiastica“.

30 3635 95 3696 Est
105 3636 196 3696 haec
205 3655 290 3696 vero
304 3634 517 3696 tabularium
531 3655 594 3696 seu
607 3635 863 3697 thesaurarium

30 3759 201 3819 historiae
226 3757 430 3819 Moravicae
455 3758 759 3838 comprehendens
785 3756 820 3818 in
846 3758 864 3817 8

28 3879 135 3942 tomis
157 3879 283 3940 silvam
304 3899 419 3940 rerum
442 3879 697 3959 historicarum,
723 3887 759 3940 et
780 3899 864 3941 vere

29 4001 202 4064 mirabilis
229 4021 396 4063 numerus
423 4002 618 4063 litterarum
647 4002 696 4064 ibi
721 4011 865 4063 conten-

29 4134 157 4186 tarum.
188 4122 248 4186 Sic
273 4143 328 4184 ex.
355 4144 407 4205 gr.
425 4122 561 4203 Wolny
585 4122 707 4184 scribit
732 4145 779 4202 19.
801 4124 863 4186 Iul.

34 4251 116 4323 ¹840
130 4245 254 4307 abbati
267 4245 476 4325 Kremsiri0‚
494 4264 532 4307 se
550 4251 635 4306 5000
650 4258 795 4328 regesta
811 4267 865 4308 ar·

30 4368 141 4448 chivi,
169 4369 263 4448 quod
288 4367 336 4428 ibi
361 4376 426 4447 est,
452 4367 676 4446 excerpsisse
698 4376 734 4429 et
755 4368 790 4428 in
811 4387 864 4429 ar-

29 4489 136 4550 chivo
167 4488 313 4569 capituli
342 4486 588 4550 Olomucensis
620 4492 701 4550 1560
727 4489 865 4550 litteras

28 4618 289 4690 pertractasse;
312 4611 405 4671 unde
424 4610 530 4671 etiam
552 4608 790 4671 munificentia
811 4631 865 4672 ar-

28 4730 252 4811 chiepiscopi
269 4731 459 4792 cardinalis
476 4731 520 4792 de
537 4730 864 4812 Somerau-Beckh,

29 4853 162 4934 quibus
175 4871 266 4932 opus
274 4853 441 4932 habebat,
452 4852 688 4935 Raigradium
705 4854 737 4915 ei
750 4853 865 4915 mitte·

27 4977 171 5038 bantur.
214 4972 437 5055 Comparatis
466 4975 629 5035 omnibus
657 4976 799 5036 domum
826 4995 864 5037 se

30 5097 183 5159 contulit
204 5100 296 5176 1847,
314 5115 459 5157 munere
476 5096 671 5177 subprioris
688 5099 813 5158 domus
830 5107 866 5159 et

27 5218 150 5282 officio
163 5217 325 5300 magistri
338 5217 551 5279 novitiorum
563 5217 763 5301 insignitus.
781 5219 864 5281 Fac·

26 5350 86 5403 tus
103 5339 174 5401 iarn
196 5360 221 5400 1.
238 5338 302 5401 Iul.
324 5343 402 5418 1847
428 5341 621 5402 membrum
647 5342 692 5402 ad
712 5341 864 5402 honores

27 5462 215 5526 societatis
243 5461 411 5524 historiae
438 5462 671 5544 Karinthiae‚
700 5462 864 5544 sequenti

949 717 999 775 26.
1016 714 1090 776 Ian.
1112 716 1192 791 1848
1210 712 1457 775 denominatur
1482 733 1502 773 a
1525 732 1589 774 sua
1610 732 1777 775 caesarea

947 837 1133 898 maiestate
1150 836 1344 897 membrum
1358 836 1641 915 correspondens
1653 835 1777 897 classis

947 956 1214 1038 philosophicae
1236 956 1425 1017 historicae
1450 975 1541 1018 caes,
1558 976 1632 1038 reg.
1650 958 1777 1019 acade-

947 1079 1038 1141 miae
1060 1079 1287 1140 scientiarum
1303 1078 1465 1139 Viennae
1489 1078 1657 1159 (diploma
1679 1081 1775 1141 ddt0.

948 1205 998 1262 31.
1014 1200 1102 1262 Dec.
1124 1200 1227 1279 1852),
1245 1208 1280 1260 et
1301 1221 1348 1275 14.
1359 1200 1422 1260 Iul.
1442 1203 1520 1276 1849
1537 1199 1687 1262 facultas
1700 1201 1776 1283 phi-

947 1321 1130 1402 losophica
1147 1303 1389 1382 universitatis
1406 1321 1613 1402 Pragensis,
1640 1323 1776 1384 exactis

948 1454 1089 1505 centum
1114 1444 1233 1504 lustris
1254 1443 1423 1505 natalium
1444 1462 1601 1524 suorum,
1627 1445 1777 1505 eundem

948 1565 1074 1626 artium
1085 1564 1283 1626 liberalium
1294 1564 1586 1645 etphilosophiae
1597 1568 1776 1628 doctorem

947 1687 1173 1749 renuntiavit.
1198 1685 1313 1766 Quum
1334 1696 1418 1767 post
1438 1686 1572 1748 obitum
1591 1687 1778 1749 archivarii

948 1809 1090 1869 Boczek
1106 1818 1221 1869 status
1237 1808 1410 1870 Moravici
1427 1810 1551 1869 eodem
1568 1827 1661 1869 anno
1678 1809 1777 1870 relic-

948 1930 1206 1991 tamhuiusviri
1217 1930 1461 1992 collectionem
1471 1930 1675 1992 historicam
1685 1950 1778 1992 com·

947 2070 1075 2131 parare
1092 2050 1336 2130 intendissent,
1354 2050 1566 2132 Gregorium
1582 2054 1777 2113 membrum

949 2172 1204 2234 commissionis
1220 2173 1478 2235 aestimationis
1493 2173 1664 2254 fecerunt,
1682 2176 1776 2255 quod

949 2312 1075 2354 munus
1105 2292 1335 2355 honorificum
1363 2294 1512 2376 Wolnir,
1544 2295 1648 2357 aliter
1675 2295 1778 2358 nimis

949 2424 1153 2496 occupatus,
1177 2416 1390 2496 deprecatus
1407 2428 1472 2478 est.
1497 2417 1603 2478 Anno
1625 2423 1705 2480 1850
1727 2424 1777 2482 28.

948 2537 1052 2598 Febr.
1070 2536 1203 2617 Wolny
1230 2538 1374 2619 eligitur
1394 2540 1588 2600 membrum
1609 2540 1778 2603 sectionis

947 2658 1331 2723 historico-statisticae
1356 2661 1512 2742 Brunae,
1537 2662 1702 2741 sequenti
1725 2682 1778 2723 se-

949 2783 1031 2843 dulo
1045 2783 1236 2862 perlustrat
1250 2783 1430 2844 archivum
1445 2794 1560 2846 terrae
1573 2783 1778 2846 Moravicae

946 2905 1079 2966 ibidem
1093 2914 1128 2966 et
1140 2905 1333 2986 incipiente
1346 2926 1439 2968 anno
1454 2910 1544 2986 1855,
1556 2926 1624 2966 non
1635 2907 1778 2966 obstan-

947 3028 1042 3090 tibus
1058 3028 1240 3089 laboribus
1254 3027 1361 3090 officii
1375 3027 1429 3090 sui
1443 3028 1636 3109 domestici,
1656 3039 1777 3109 „topo-

945 3149 1133 3231 graphiam
1150 3149 1448 3212 ecclesiasticam“
1470 3149 1605 3231 publici
1624 3150 1709 3212 iuris
1728 3149 1778 3211 fe·

946 3271 1003 3334 cit.
1023 3271 1150 3333 Totum
1165 3291 1254 3353 opus
1267 3272 1301 3333 in
1316 3273 1404 3333 duas
1418 3273 1601 3334 dioeceses
1613 3273 1777 3355 partitus,

946 3392 1096 3474 singulis
1109 3394 1209 3455 annis
1222 3395 1370 3474 perinde
1384 3414 1454 3455 uno
1468 3403 1562 3456 tomo
1576 3395 1682 3476 edito,
1698 3401 1776 3473 1804

946 3517 991 3576 ad
1013 3514 1152 3577 felicem
1170 3526 1205 3577 et
1222 3525 1448 3596 peroptatum
1469 3514 1575 3578 finem
1597 3516 1776 3596 perduxit,

946 3637 1011 3716 cui,
1026 3657 1047 3698 a
1060 3638 1199 3698 duobus
1211 3637 1379 3699 fratribus
1392 3639 1587 3700 iunioribus
1600 3637 1776 3718 suffultus,

950 3762 1029 3819 1866
1055 3759 1207 3820 indicem
1232 3761 1436 3842 generalem
1460 3759 1632 3822 adiunxit.
1662 3759 1777 3839 Quam

945 3889 1132 3960 acceptum
1149 3901 1239 3960 opus
1255 3882 1321 3943 hoc
1335 3881 1509 3960 omnibus,
1526 3892 1599 3942 tum
1617 3880 1776 3960 eruditis,

945 4012 1019 4063 tum
1042 4002 1311 4086 magistratibus
1335 4002 1497 4064 civilibus
1522 4021 1635 4083 aeque
1657 4021 1699 4062 ac
1721 4021 1777 4062 ec-

946 4123 1154 4186 clesiasticis
1174 4123 1299 4203 fuerit,
1323 4124 1481 4206 praemia
1502 4121 1695 4185 honorifica
1717 4125 1777 4185 de-

946 4246 1082 4307 clarant
1107 4244 1282 4328 Gregorio
1311 4247 1467 4327 undique
1496 4247 1634 4308 collata.
1671 4245 1776 4306 Anno

950 4371 1029 4444 1854
1048 4376 1098 4429 20.
1112 4368 1201 4429 Nov.
1216 4368 1436 4429 consiliarius
1449 4367 1601 4429 titularis
1614 4365 1775 4447 episcopi

944 4488 1139 4589 brunensis
1150 4488 1203 4561 fit;
1219 4491 1356 4550 duobus
1369 4497 1452 4567 post
1467 4510 1494 4550 2.
1505 4489 1609 4552 Mart.
1627 4491 1708 4550 1856
1722 4507 1776 4548 or-

946 4596 1027 4670 dine
1045 4610 1201 4690 equestri
1218 4610 1585 4690 FrancisciIosephiI.
1599 4610 1775 4672 sollemni-

946 4742 999 4792 ter
1013 4732 1210 4814 decoratur‚
1226 4753 1295 4813 qua
1309 4732 1495 4794 occasione
1508 4731 1584 4794 eius
1597 4732 1775 4812 quondam

945 4853 1141 4934 discipulus
1155 4855 1216 4916 Dr.
1228 4855 1318 4934 Alld,
1337 4846 1477 4915 nomine
1494 4854 1656 4933 omnium,
1673 4872 1775 4932 prae-

945 4975 1041 5036 clara
1071 4975 1190 5057 „Oda“
1219 4975 1347 5037 Latina
1378 4975 1411 5037 ei
1443 4976 1773 5057 congratulabatur;

950 5099 1029 5172 1859
1061 5096 1198 5158 obtinet
1234 5098 1440 5157 mandatum
1475 5096 1622 5157 membri
1659 5114 1774 5156 corre-

945 5217 1154 5298 spondentis
1167 5217 1301 5280 archivi
1317 5216 1504 5308 MoraviciJ
1531 5220 1612 5277 1860
1633 5217 1773 5278 demum

943 5336 984 5399 fit
1000 5341 1193 5399 membrum
1211 5337 1465 5400 commissionis
1486 5340 1532 5399 ad
1553 5356 1702 5400 examen
1723 5337 1773 5399 in·

944 5461 1162 5522 stituendum
1180 5462 1224 5522 de
1237 5461 1405 5541 operibus
1422 5460 1571 5522 edendis
1587 5458 1773 5522 occasione

1515 5564 1548 5612 66
