4034 6262
672 514 956 602 -387-

128 719 235 783 huius
248 719 398 782 mittitur
409 718 631 782 Olomucium
644 719 690 780 ad
702 728 774 780 stu-

124 842 222 925 >gica
236 840 401 905 finienda.
425 840 562 922 Quibus
575 840 624 903 ibi
637 849 674 903 et
686 840 775 902 Bru·

124 963 180 1026 :tis
189 973 230 1026 et
239 963 450 1026 testimoniis
464 962 608 1045 optimis
621 983 668 1026 ex
681 961 774 1025 omni

130 1106 255 1150 sacrae
270 1106 403 1169 genere
426 1106 545 1150 secum
567 1086 694 1168 allatis,
724 1090 774 1148 28.

132 1231 144 1271 1
176 1210 367 1291 presbyter
394 1207 591 1289 ordinatus,
620 1213 649 1270 8.
674 1205 774 1289 Sept.

124 1343 176 1394 leo
197 1331 333 1394 hostias
357 1351 476 1394 coram
500 1331 691 1393 admodum
712 1350 775 1392 nu·

124 1454 325 1518 rultitudine
342 1453 470 1516 obtulit
491 1454 587 1534 apud
608 1472 692 1514 suos
713 1472 775 1534 pa·

124 1576 340 1639 :hiinwaldae
357 1575 392 1638 in
409 1574 527 1657 patria
543 1595 616 1638 sua.
640 1574 774 1636 Redux

124 1718 171 1760 :ur
185 1697 366 1760 institutor
381 1696 576 1759 iuventutis
596 1695 632 1759 in
653 1696 775 1758 schola

124 1830 142 1883 t
163 1821 292 1883 iterata
313 1820 392 1882 vice
414 1839 544 1902 regens
565 1818 675 1892 chori;
700 1829 774 1880 turn

123 1941 352 2004 urisdictione
369 1941 521 2022 simplici
534 1960 645 2022 penes
662 1939 774 2002 eccle-

124 2063 588 2146 tehialemRaigradiensem
597 2065 644 2125 ad
655 2081 775 2124 curam

124 2186 393 2266 nincumbebat,
418 2187 531 2247 donec
554 2189 583 2248 6.
600 2185 673 2248 Ian.
695 2187 773 2245 1823

124 2328 137 2369 s
159 2307 306 2388 parochi
322 2306 551 2370 laudicensis
567 2305 698 2368 Pesina
714 2324 776 2366 no-

124 2428 185 2491 tius
210 2449 316 2491 curae
339 2449 472 2492 vacans
499 2438 582 2492 tunc
607 2428 776 2509 parochia

124 2551 339 2614 [colticensis
363 2551 567 2615 concredita
591 2559 682 2632 erat,
711 2571 776 2632 pro

124 2676 225 2736 anda
237 2674 306 2736 ista
318 2677 364 2736 ab
378 2673 494 2736 officio
508 2673 703 2756 episcopali
716 2674 776 2735 de·

124 2817 156 2859 rs
173 2809 238 2879 est,
259 2798 319 2859 ubi
340 2816 453 2878 usque
477 2797 523 2859 ad
544 2816 673 2859 annum
694 2798 774 2857 1825

149 2919 345 3000 permansit
372 2930 408 2981 et
434 2938 565 3001 magno
594 2938 673 2981 cum
699 2918 775 2980 zelo

124 3041 186 3102 sibi
213 3042 455 3104 concreditum
484 3041 593 3123 pavit.
628 3041 663 3103 A
691 3060 775 3103 cura

124 3184 139 3224 1
167 3163 348 3226 Nicolticii
379 3166 566 3226 absolutus
593 3164 628 3226 in
655 3183 775 3225 mona·

124 3284 220 3366 ediit,
236 3295 275 3347 ut
292 3305 330 3348 se
347 3288 392 3347 ad
409 3286 650 3367 professuram
665 3285 775 3348 histo-

124 3408 245 3470 ersalis
262 3420 504 3491 praepararet,
527 3409 701 3491 simulque
722 3408 775 3471 bi-

125 3551 144 3592 e
168 3530 422 3612 Raigradiensi
446 3529 660 3612 praeficitur.
696 3530 775 3611 Qua

124 3653 234 3716 :arius
264 3674 395 3716 novum
424 3655 628 3735 catalogum
660 3665 774 3735 syste-

124 3775 527 3856 :onscripsit,librosque
537 3774 572 3836 in
583 3774 773 3856 meliorem,

124 3908 179 3960 tea
201 3897 283 3979 fuit,
308 3898 465 3960 ordinem
489 3897 639 3979 redegit.
668 3897 774 3960 Anno

124 4039 168 4081 se
189 4019 352 4081 Ianuario
374 4020 414 4082 P.
431 4019 589 4100 Riicker,
613 4018 673 4100 qui
694 4022 771 4097 1827

124 4161 189 4223 per
201 4141 337 4221 aliquot
350 4161 490 4204 menses
504 4150 772 4222 cooperatorem

124 4282 155 4326 ro
169 4264 450 4327 administranda
462 4264 632 4346 parochia
641 4265 774 4327 11101111-

124 4386 315 4467 rstituitur,
343 4389 456 4467 unde,
483 4406 605 4449 mense
632 4386 773 4468 Marti0,

144 4510 211 4571 1100
239 4509 351 4570 libero
379 4508 512 4570 Baroni
540 4510 584 4571 de
612 4507 773 4573 Schrenk

124 4630 361 4711 ·chiepiscopo
371 4631 557 4713 Pragensi)
569 4632 699 4694 collato
711 4632 773 4694 vix

124 4795 125 4807 .
151 4773 202 4830 29.
224 4752 329 4816 Mart.
352 4753 562 4834 Auspicium
588 4774 652 4835 pro
675 4754 772 4817 iuva-

124 4894 195 4936 :ura
216 4875 411 4936 animarum
428 4874 587 4957 mittitur,
608 4895 678 4957 quo
694 4876 773 4938 loco

148 4995 284 5058 initium
309 4996 439 5058 mensis
461 4997 540 5059 Iulii
567 4997 771 5078 permansit.

124 5118 211 5180 enirn
227 5130 311 5181 tunc
328 5130 410 5200 post
427 5119 562 5181 obitum
575 5119 771 5202 Augustini

126 5260 195 5303 ova
212 5241 386 5303 electione
409 5241 515 5303 etiam
536 5241 575 5304 P.
593 5241 772 5303 Antonius

124 5365 298 5445 domum,
321 5363 381 5424 ubi
399 5363 522 5424 sedulo
539 5363 720 5425 laboribus
737 5364 772 5425 in

124 5503 158 5545 :a
170 5483 396 5565 perficiendis
413 5493 554 5565 tempus
571 5483 771 5565 dedicabat,

856 716 996 780 insimul
1012 737 1098 780 vero
1115 737 1135 779 a
1153 718 1313 800 praelato
1326 718 1361 780 in
1373 718 1570 781 rationibus
1584 740 1688 783 oeco-

855 837 1002 900 nomicis
1018 838 1152 900 meliori
1168 838 1303 901 formae
1319 839 1510 903 reddendis
1531 841 1567 903 in
1588 842 1688 905 iuva·

855 979 936 1022 men
953 969 1008 1023 est
1024 960 1193 1042 adscitus,
1210 961 1246 1023 in
1263 961 1391 1042 quibus
1412 963 1507 1025 haud
1529 975 1686 1027 contem-

856 1077 1009 1144 nendam
1024 1082 1191 1163 praebuit
1206 1102 1362 1163 operam,
1383 1104 1461 1146 cum
1483 1088 1689 1149 matheseos

857 1212 953 1266 esset
979 1222 1152 1285 perquam
1177 1224 1320 1287 gnarus.
1357 1203 1519 1270 Confecit
1544 1228 1687 1290 quoque

856 1334 1088 1405 conspectum
1111 1326 1257 1388 catastri
1278 1326 1487 1391 Theresiani
1507 1329 1687 1412 losephini

856 1456 892 1510 et
907 1446 999 1509 illius
1015 1447 1208 1529 provisoris
1230 1449 1273 1510 de
1295 1469 1387 1511 anno
1408 1455 1498 1533 1819,
1524 1473 1593 1534 quo
1618 1475 1689 1516 uno

855 1572 981 1632 obtutu
1007 1589 1171 1632 mensura
1196 1579 1232 1633 et
1257 1571 1332 1634 fata
1357 1572 1530 1637 individui
1550 1578 1688 1656 praedii

855 1693 902 1754 ad
923 1693 1175 1756 monasterium
1196 1697 1392 1775 spectantis
1410 1697 1686 1779 conspiciuntur.

856 1813 920 1877 Cui
937 1814 1037 1895 operi
1054 1817 1239 1897 praeclaro
1255 1816 1410 1899 ingenue
1423 1819 1613 1885 insudavit.
1631 1823 1687 1884 In-

856 1936 951 2016 cepit
968 1956 1109 2018 quoque
1125 1936 1361 2001 inventarium
1374 1941 1424 2002 rei
1438 1943 1687 2006 oeconomicae

856 2056 1039 2139 conficere,
1050 2059 1144 2139 quod
1156 2061 1333 2140 complere
1347 2062 1436 2124 eheu
1450 2083 1520 2126 non
1533 2075 1687 2147 poterat,

857 2198 936 2242 cum
957 2180 991 2242 in
1013 2181 1128 2243 locum
1145 2181 1332 2245 Benedicti
1348 2183 1512 2267 Richter,
1536 2187 1595 2268 qui
1612 2189 1687 2250 Au-

856 2314 998 2385 gustam
1018 2302 1283 2367 Vindelicorum
1312 2327 1382 2387 qua
1405 2319 1522 2370 rector
1546 2320 1582 2372 et
1605 2331 1686 2392 pro-

855 2425 970 2488 fessor
986 2427 1164 2508 gymnasii
1180 2429 1326 2509 abierat,
1348 2429 1529 2510 professor
1544 2433 1685 2516 religio·

856 2548 910 2611 nis
927 2558 963 2610 et
978 2549 1227 2631 paedagogiae
1243 2551 1453 2614 universalis
1470 2552 1506 2617 in
1523 2555 1685 2620 instituto

856 2670 1102 2751 philosophico
1127 2672 1269 2735 Brunae
1297 2673 1468 2738 suffectus
1488 2677 1547 2740 sit.
1580 2680 1686 2741 Anno

857 2797 906 2856 28.
926 2791 1025 2875 Sept.
1048 2797 1127 2857 1830
1144 2795 1263 2857 subito
1280 2796 1443 2859 examine
1459 2798 1621 2881 rigoroso
1639 2821 1686 2863 ex

855 2926 931 2978 arte
957 2917 1205 2999 paedagogica
1229 2918 1263 2980 in
1288 2918 1381 2982 univ.
1401 2920 1628 2985 Olomucensi
1650 2936 1687 2988 et

860 3058 906 3116 14.
925 3037 1003 3102 Oct.
1021 3058 1050 3101 e.
1068 3059 1123 3103 an.
1141 3059 1160 3101 e
1177 3041 1358 3123 religionis
1375 3043 1523 3106 scientia
1539 3048 1585 3108 ad
1604 3067 1687 3109 con·

855 3159 1032 3222 sistorium
1055 3160 1249 3242 Brunense,
1277 3164 1405 3244 quibus
1430 3166 1559 3229 donum
1584 3189 1686 3232 suurn

856 3280 1070 3344 didacticum
1083 3283 1216 3364 optime
1230 3288 1487 3369 comprobavit,
1504 3288 1686 3369 professor

855 3405 1020 3485 publicus
1045 3405 1253 3469 declaratur.
1284 3408 1395 3470 Verbi
1420 3411 1529 3474 divini
1553 3432 1686 3493 praeco

855 3529 1002 3609 zelosuS,
1029 3529 1191 3591 veritatis
1219 3532 1414 3595 catholicae
1439 3545 1687 3616 propugnator

855 3650 1056 3731 acerrimus
1070 3651 1264 3734 discipuliS,
1282 3653 1342 3734 qui
1354 3655 1579 3718 liberioribus
1591 3658 1686 3738 prin-

855 3771 957 3853 cipiis
984 3772 1178 3835 faciliorem
1206 3776 1429 3855 praebebant
1452 3797 1586 3859 aurem,
1616 3798 1685 3841 non

855 3893 997 3956 omnino
1014 3894 1134 3957 extitit
1150 3907 1283 3978 gratus,
1301 3898 1364 3958 sed
1381 3906 1482 3960 tanto
1498 3900 1613 3981 magis
1630 3920 1687 3962 su·

854 4016 1053 4097 perioribus
1089 4016 1350 4081 ecclesiasticis.
1395 4018 1709 4084 Conversationis-

855 4140 997 4201 tandem
1025 4139 1060 4200 in
1090 4140 1221 4201 mundo
1254 4150 1440 4221 pertaesus
1470 4151 1505 4204 et
1533 4143 1686 4206 dilectae

855 4261 1053 4323 solitudinis
1079 4261 1295 4324 monasticae
1322 4262 1472 4345 cupidus
1496 4265 1600 4346 petiit
1616 4267 1686 4355 ,ab-

854 4383 944 4446 solvi
969 4386 1015 4446 ab
1039 4383 1155 4446 officio
1180 4384 1406 4465 professoris,
1434 4396 1470 4448 et
1494 4397 1685 4469 postquam

853 4507 1107 4570 bibliothecam
1131 4506 1283 4569 instituti
1300 4508 1535 4591 philosophici
1552 4509 1587 4571 in
1604 4529 1686 4572 con-

854 4630 994 4692 cinnum
1011 4630 1152 4712 redegit
1168 4630 1337 4713 ordinem,
1355 4632 1521 4714 Augusto
1543 4636 1621 4710 1843
1639 4635 1685 4695 ad

853 4751 1103 4815 monasterium
1130 4760 1289 4814 nostrum
1319 4763 1374 4815 est
1397 4772 1578 4835 reversus,
1603 4767 1686 4835 post

853 4883 934 4937 octo
951 4894 1063 4937 annos
1083 4873 1233 4957 impigre
1250 4874 1392 4937 Brunae
1409 4877 1620 4940 exantlatos.
1645 4877 1686 4939 In

853 4995 1010 5076 capitulo
1038 4995 1095 5057 die
1123 4998 1173 5058 28.
1199 4993 1299 5077 Sept.
1328 5000 1408 5075 1843
1437 4997 1685 5079 bibliothecae,

853 5138 959 5200 quam
976 5119 1044 5180 iam
1062 5118 1199 5199 pridem
1211 5118 1382 5202 singulari
1394 5118 1542 5183 fovebat
1554 5140 1684 5201 amore,

853 5240 1057 5323 praefectus
1073 5240 1234 5303 redditus
1251 5250 1305 5304 est
1318 5251 1354 5303 et
1367 5241 1470 5303 simul
1487 5261 1592 5304 curae
1609 5243 1685 5303 ani·

853 5383 988 5425 marum
1013 5384 1082 5444 qua
1107 5372 1318 5445 cooperator
1341 5383 1453 5446 penes
1477 5364 1684 5465 parochiam

854 5485 1051 5549 adiunctus.
1076 5485 1151 5548 Nec
1168 5485 1318 5568 pigebat
1337 5487 1393 5548 lac
1415 5488 1588 5567 praebere
1605 5507 1685 5568 par-

1423 5592 1477 5652 49*
