4034 6262
947 478 1160 539 ,χ-

182 718 248 770 est.
280 706 354 768 Iam
378 716 484 768 antea
506 704 897 786 veroVorarlbergium
921 724 986 784 per
1008 704 1221 766 monasteria
1237 701 1405 766 Tuberim
1430 704 1451 784 ¹)
1477 712 1513 764 et
1532 703 1689 785 Augiam
1712 704 1883 767 Maiorem
1897 707 1917 786 ²)

182 848 229 907 ad
252 846 363 908 vitam
387 844 571 906 cultiorem
597 842 852 904 conformatum
878 806 975 906 erat.

312 984 413 1047 Haec
437 981 751 1044 Benedictinorum
775 981 893 1043 studia
917 981 1038 1062 etiam,
1063 1002 1141 1043 cum
1165 981 1329 1044 Thassilo
1358 992 1505 1063 propter
1529 981 1767 1045 defectionem
1792 1004 1813 1044 a
1836 1004 1920 1066 rege

107 1197 110 1199 ,
183 1123 400 1186 Francorum
424 1121 552 1184 Carolo
575 1121 710 1202 Magno
733 1121 768 1182 in
792 1119 1007 1182 monasterio
1025 1117 1213 1182 Goariensi
1237 1140 1373 1202 poenas
1398 1123 1509 1204 daret,
1534 1141 1605 1183 non
1630 1124 1733 1184 modo
1758 1143 1923 1205 repressa

183 1265 247 1325 sed
272 1263 422 1325 dilatata
445 1269 536 1322 sunt.
576 1258 664 1321 Cum
693 1258 784 1320 enim
809 1256 956 1320 Carolus
984 1258 1088 1319 bellis
1116 1278 1195 1320 cum
1219 1259 1351 1320 Avaris
1380 1258 1533 1322 feliciter
1563 1261 1677 1342 gestis
1708 1280 1778 1322 non
1811 1263 1924 1324 solum

182 1412 296 1463 terras
320 1399 474 1480 Alpinas
498 1401 561 1461 sed
586 1398 693 1460 etiam
716 1397 899 1459 Austriam
924 1396 1126 1458 inferiorem
1150 1408 1186 1459 et
1207 1397 1403 1479 Ungariam
1427 1398 1645 1480 superiorem
1671 1402 1716 1461 ab
1741 1400 1865 1481 iniquo
1890 1413 1925 1464 et

183 1540 287 1623 gravi
310 1537 459 1619 imperio
482 1537 680 1618 liberasset,
711 1537 881 1599 latissime
905 1556 1050 1599 manare
1075 1537 1191 1618 potuit
1214 1537 1389 1599 industria
1419 1538 1568 1619 ordiniS,
1602 1559 1680 1601 cum
1711 1541 1925 1621 praesertim

184 1699 336 1762 magnus
359 1678 552 1758 imperator
576 1687 611 1737 et
636 1677 695 1756 qui
712 1677 744 1738 ei
761 1686 1020 1756 successerunt,
1046 1686 1081 1738 et
1098 1677 1132 1737 in
1148 1676 1203 1737 his
1219 1676 1423 1738 Ludovicus
1439 1677 1535 1757 Pius,
1553 1678 1614 1758 qui
1630 1679 1925 1742 instaurationem

182 1815 317 1879 ordinis
341 1837 412 1879 as.
437 1815 635 1878 Benedicto
659 1816 790 1877 abbate
814 1812 1037 1895 Aniagnensi
1067 1813 1309 1896 excogitatam
1341 1823 1377 1876 et
1408 1814 1443 1876 in
1476 1817 1613 1897 synodo
1636 1817 1928 1899 Aquisgranensi

183 1960 244 2035 817
272 1957 539 2036 comprobatam
563 1973 628 2034 per
652 1953 768 2014 omnia
791 1952 930 2033 imperii
954 1952 1169 2014 monasteria
1192 1963 1306 2015 ratam
1331 1973 1409 2015 esse
1434 1953 1545 2034 iussit,
1570 1954 1687 2036 gratia
1712 1966 1748 2016 et
1772 1958 1927 2018 auetori-

183 2104 258 2156 tate
282 2113 362 2156 eum
386 2101 637 2155 sustentarent.
677 2092 800 2171 Neque
836 2101 954 2152 tamen
986 2089 1128 2152 silentio
1162 2090 1517 2171 praetermittendum
1549 2102 1614 2172 est,
1649 2104 1783 2171 quanto
1816 2114 1927 2175 opere

183 2233 345 2316 episcopi
367 2232 608 2313 PataviensiS,
632 2230 927 2310 RatisbonensiS,
951 2229 1183 2292 Fraxinensis
1207 2242 1242 2305 et
1265 2230 1290 2291 ii
1312 2229 1489 2309 monachi,
1515 2229 1575 2310 qui
1598 2230 1820 2318 Bavariam,¹
1834 2254 1928 2312 quae

183 2393 275 2436 nunc
300 2382 364 2452 est,
389 2372 603 2451 incolebant,
631 2370 759 2433 fratres
783 2369 996 2432 Austriacos
1024 2369 1059 2431 in
1084 2371 1295 2450 exequendo
1324 2389 1468 2432 munere
1492 2390 1513 2431 a
1537 2368 1737 2451 Carolingis
1766 2371 1928 2435 iniuncto

182 2510 394 2574 adiuverint.
444 2510 493 2571 Hi
528 2519 609 2571 sunt
641 2508 867 2570 Benedictini
898 2507 1291 2587 Altahae·lnferi0ris,
1327 2527 1353 2569 s.
1390 2507 1591 2569 Emmerani
1625 2508 1928 2592 RatisbonenseS,

183 2649 392 2730 Mettenses,
416 2648 716 2730 Tegernseenses.
763 2645 921 2708 Maxime
953 2654 1072 2707 autem
1103 2646 1252 2727 egregia
1283 2658 1360 2707 erat
1390 2646 1563 2708 industria
1591 2646 1928 2731 Tegernseensium,

184 2789 245 2871 qui
269 2787 485 2851 monasterio
509 2805 537 2848 s,
560 2785 750 2867 Hippolyti
774 2786 820 2846 ad
844 2783 995 2845 Traisim
1024 2785 1210 2845 condendo
1242 2785 1417 2846 coloniam
1447 2785 1483 2845 in
1507 2785 1690 2846 Austriam
1722 2785 1927 2850 inferiorem

184 2928 378 2991 deduxisse
403 2925 567 2988 dicuntur
581 2926 616 3004 ³).

315 3065 365 3128 Ut
388 3083 475 3127 vero
499 3062 653 3144 operarii
676 3071 903 3143 augerentur,
928 3062 1072 3124 saeculo
1098 3081 1191 3124 nono
1215 3063 1261 3124 ad
1277 3062 1459 3124 Traunsee
1475 3073 1589 3124 ortum
1614 3074 1668 3126 est
1693 3083 1824 3125 novum
1849 3085 1922 3127 mo-

184 3205 377 3268 nasterium
393 3202 679 3265 Trunkirchense
695 3203 717 3280 4)
743 3211 778 3263 et
801 3200 870 3263 iam
889 3203 948 3280 785
966 3201 1219 3263 monasterium
1244 3200 1480 3283 Oettingense
1505 3220 1526 3262 a
1547 3201 1791 3264 Benedictinis
1809 3201 1924 3266 Salis-

183 3343 423 3427 burgensibus
447 3341 626 3404 conditum
643 3341 773 3419 Buorn,
799 3339 859 3420 qui
882 3340 981 3401 locus
1004 3339 1110 3401 hodie
1126 3339 1416 3401 Michaelbeuern
1433 3339 1571 3423 dicitur,
1589 3343 1799 3405 translatum
1817 3352 1873 3405 est
1888 3343 1923 3421 ⁵).

314 3481 388 3546 Sed
412 3491 530 3543 tamen
555 3480 698 3542 saeculo
723 3479 860 3540 decimo
884 3478 1027 3541 ineunte
1052 3480 1139 3540 ordo
1163 3498 1330 3560 magnum
1362 3479 1458 3559 cepit
1482 3480 1657 3544 damnum.
1696 3481 1858 3562 Hungari
1888 3481 1923 3543 in

185 3621 341 3684 vallibus
354 3619 560 3682 Pannoniae
574 3620 810 3680 consederant
826 3626 862 3679 et
874 3636 986 3699 regno
998 3616 1214 3679 Moraviensi
1232 3617 1351 3678 deleto
1366 3618 1523 3697 praedae
1540 3617 1636 3679 avidi
1651 3617 1688 3678 in
1701 3618 1924 3682 occidentem

183 3757 367 3842 progressi
384 3766 494 3820 erant.
517 3755 708 3819 Germania
725 3766 761 3819 et
777 3755 996 3837 Burgundio,
1021 3755 1128 3817 etiam
1145 3754 1249 3816 Italia
1266 3764 1301 3816 et
1318 3752 1435 3816 Gallia
1452 3775 1473 3816 a
1488 3755 1760 3835 praedatoribus
1777 3768 1923 3840 vexata,

315 4071 336 4153 ¹)
360 4075 390 4130 T
392 4072 503 4142 uberis,
528 4092 606 4148 quae
623 4071 712 4129 hodie
729 4071 860 4128 Taulers
877 4072 924 4127 vel
942 4072 1062 4128 Duvers
1080 4071 1198 4138 dicitur,
1222 4090 1321 4147 prope
1337 4069 1497 4126 Feldkirch
1522 4073 1588 4126 sita.
1621 4071 1800 4144 Bergmann,
1813 4072 1924 4127 >Deuk-

182 4187 329 4245 schriiten
351 4187 380 4243 d.
404 4187 434 4242 k.
459 4186 556 4243 Akad.
581 4187 609 4243 d.
634 4185 822 4242 Wissensch.
847 4185 918 4261 phil.
944 4185 1012 4240 hist.
1037 4185 1081 4241 Cl.
1104 4185 1141 4241 V.
1232 4229 1233 4233 η

315 4297 336 4377 ²)
360 4298 436 4357 Vide
460 4299 638 4372 bergmanni
664 4299 681 4354 l.
707 4317 732 4354 c.
759 4300 885 4371 eiusque
909 4298 1192 4353 commentationem
1218 4298 1247 4352 in
1267 4296 1410 4367 „Wiener
1425 4295 1613 4372 Jahrblicher
1629 4294 1682 4351 der
1699 4296 1790 4351 Litt.“
1812 4295 1830 4351 i.
1853 4296 1923 4352 118.

184 4413 283 4488 Augia
306 4414 402 4469 maior
425 4430 442 4468 a
466 4412 621 4486 discipulis
645 4429 669 4466 s.
694 4410 773 4467 Galli
799 4409 921 4466 condita
944 4428 1012 4465 esse
1036 4409 1152 4465 dicitur.

314 4523 338 4605 ³)
362 4526 458 4581 Huius
491 4526 664 4581 monasterii
697 4522 871 4580 conditores
902 4522 961 4578 duo
993 4521 1110 4578 nobiles
1142 4521 1350 4577 Baioariorum
1379 4521 1561 4578 Adalbertus
1594 4534 1624 4577 et
1655 4521 1839 4587 ottocarus,
1872 4524 1924 4595 qui

184 4639 364 4713 'l'egernsee
387 4641 482 4714 ipsum
508 4638 735 4701 constituerunt,
760 4635 852 4691 luisse
876 4634 1022 4691 dicuntur.
1062 4634 1094 4691 Si
1119 4636 1333 4690 monasterium
1350 4653 1373 4689 s.
1392 4634 1549 4709 Hippolyti
1568 4653 1697 4709 unquam
1714 4634 1926 4690 Benedictino·

185 4771 249 4807 rum
278 4765 352 4820 erat,
382 4753 498 4806 nonnisi
531 4763 667 4824 tempore
696 4766 905 4804 successorum
930 4748 1030 4803 Caroli
1054 4748 1154 4821 Magni
1180 4747 1331 4803 conditum
1356 4766 1423 4803 esse
1448 4760 1559 4823 potest.
1600 4747 1686 4803 Conf.
1711 4749 1813 4821 Mayr:
1846 4749 1926 4804 Acta

184 4885 209 4921 s.
235 4865 352 4933 Quirini
373 4864 523 4935 Martyris,
548 4876 578 4919 et
601 4860 930 4934 Didcesangeschichte
954 4879 1013 4915 von
1037 4859 1082 4916 St.
1107 4861 1221 4928 Patren,
1246 4860 1269 4915 Ι.

316 4974 338 5054 ⁴.)
362 4977 467 5048 Neque
498 4994 609 5050 aquo,
640 4993 737 5046 neque
766 4991 827 5046 quo
858 4991 936 5027 anno
967 4976 1181 5029 monasterium
1206 4974 1453 5029 Trunkirchense
1484 4973 1671 5028 aedificatum
1704 4973 1810 5027 eodem
1844 4974 1926 5039 lonc,

186 5089 236 5144 ubi
261 5108 337 5144 nunc
362 5088 547 5143 Altmlinster
570 5087 713 5162 oppidum
738 5097 793 5149 est,
819 5083 970 5139 conditum
994 5088 1041 5152 sit,
1066 5088 1139 5140 satis
1163 5100 1292 5142 constat.
1325 5088 1358 5140 In
1381 5085 1547 5141 litterarum
1572 5087 1770 5139 monumentis
1795 5088 1926 5159 primum

184 5221 265 5258 anno
290 5216 351 5274 909
377 5213 637 5256 commemoratur.
670 5193 914 5254 Urkundenbuch
939 5197 992 5252 des
1016 5196 1137 5252 Landes
1162 5196 1201 5253 ob
1226 5198 1280 5255 der
1302 5200 1395 5266 Enns,
1420 5200 1457 5253 Il.

316 5312 338 5390 ⁵)
362 5313 434 5379 Filz,
460 5312 643 5368 Geschichte
667 5327 727 5365 von
751 5306 1007 5376 Michaelbeuern,
1033 5310 1090 5365 hoc
1115 5310 1173 5383 785
1200 5310 1310 5368 iactum
1336 5331 1403 5368 esse
1429 5311 1508 5366 dicit.
1549 5309 1637 5365 Aliud
1661 5311 1780 5366 Riezlcr
1804 5312 1822 5367 l.
1850 5332 1877 5368 c.
1904 5316 1927 5370 I.

184 5431 298 5483 statuit.
