4088 6270
872 540 915 557 -
957 500 1107 567 LXXX
1152 537 1194 548 -

381 828 405 843 ,.
438 782 535 857 w,
554 740 784 833 merulae
797 727 976 817 propriam
992 728 1194 808 ostendunt,
1218 729 1351 791 abbate
1367 727 1693 805 Arnoneedidisse
1709 727 1858 791 traditur

455 930 514 977 Q
530 875 775 971 *W
796 874 1022 933 monumenta
1045 865 1301 948 antiquissimis
1316 866 1517 930 Bavaricae
1539 866 1659 950 gentis
1682 866 1858 949 temporib

388 958 420 989 ,χ
529 956 568 989 .,.

233 992 237 997 ¹
322 1094 331 1111 „
358 1088 381 1117 ,„
416 1044 581 1111 „ww
593 1034 684 1107 uuo
700 1008 938 1097 „Congestum
955 1024 1019 1068 seu
1034 1005 1215 1070 Indiculus
1231 1005 1408 1071 Arnonis“
1425 1009 1447 1090 2)
1472 1017 1509 1072 et
1526 1008 1684 1094 „Breues
1699 1008 1858 1073 notitiae‘

266 1134 280 1155 Ἣ
302 1220 425 1261 ww„
472 1158 615 1239 wius
636 1164 777 1235 quoque
799 1143 898 1227 libri‚.
915 1163 985 1227 quo
1008 1143 1136 1207 foedus
1159 1144 1353 1209 fraternum
1374 1146 1625 1211 monachorum
1648 1149 1696 1211 ad
1712 1166 1740 1212 s.
1756 1147 1858 1212 Petro

204 1384 228 1405 γ
265 1344 390 1391 «ὼ
420 1304 529 1399 μω
552 1284 737 1374 §nmmo
759 1282 865 1347 huius
888 1282 1075 1347 celsissimi
1101 1283 1184 1366 Viri,
1214 1284 1319 1366 primi
1342 1284 1604 1369 archiepiscopi
1627 1287 1750 1350 sedem
1773 1306 1800 1351 s.
1823 1287 1858 1350 R

202 1502 266 1529 uu
292 1444 452 1519 «dediti.
472 1427 603 1517 mestit
625 1431 780 1488 aetatem
793 1421 829 1504 4),

303 1586 481 1649 libamem
496 1575 613 1634 autem
630 1561 798 1645 ipsorum,
815 1581 905 1645 quos
918 1562 1018 1626 Arno
1034 1561 1205 1646 ediderat,
1226 1583 1352 1646 pamm
1373 1564 1535 1628 relictum
1556 1574 1630 1640 est;
1654 1585 1736 1629 nam
1759 1576 1858 1650 praet*

172 1728 357 1819 „gusttdtuu
384 1714 430 1781 rui
459 1703 647 1773 :ricuinum
678 1703 799 1765 datam
830 1710 968 1766 tantum
997 1702 1086 1766 haec
1116 1701 1320 1787 inscriptio,
1352 1723 1458 1786 quam
1489 1704 1567 1786 ipse
1597 1704 1763 1786 sepulcro
1792 1704 1858 1768 inci

170 1872 330 1935 tuamet,
353 1858 488 1917 exstat:

582 1948 740 2024 „Quisque
763 1947 839 2005 velis
862 1949 1005 2024 scriptam
1029 1945 1198 2006 subsistens
1223 1967 1315 2007 nosse
1338 1952 1447 2020 viator,

578 2059 674 2130 Scito,
699 2059 782 2137 quod
804 2062 862 2138 ipsi
886 2061 955 2117 mihi
979 2062 1066 2118 vivus
1089 2061 1166 2118 hanc
1189 2061 1274 2119 Arno
1298 2064 1414 2138 peregi,

581 2173 641 2244 Qui
666 2173 781 2231 sueram
805 2185 916 2241 rector,
940 2175 1111 2248 praesentis
1134 2175 1281 2249 regimine
1304 2175 1395 2245 sedis,

580 2285 626 2343 Ac
649 2284 760 2362 opibus
783 2285 883 2343 multis
906 2285 1062 2362 multoque
1084 2288 1200 2362 potitur
1221 2288 1348 2346 honore.

577 2400 664 2457 Nunc
686 2400 735 2456 hic
757 2399 877 2457 amissis
900 2399 1016 2457 cunctis
1039 2417 1106 2456 mea
1128 2397 1263 2457 membra
1286 2403 1455 2476 quiescunt.

578 2512 627 2571 Te
649 2530 727 2589 rogo
751 2531 829 2569 nunc
852 2512 1014 2570 Dominum
1037 2510 1181 2587 precibus
1203 2513 1325 2590 pulsare
1348 2501 1507 2584 menendi,

579 2626 620 2685 Ut
642 2627 711 2683 mihi
735 2625 787 2683 det
809 2627 927 2684 veniam
950 2625 1109 2694 scelerum,
1134 2644 1334 2702 quaecunque
1357 2628 1485 2704 patravi,

580 2739 737 2810 Quatenus
760 2752 914 2796 aeternam
938 2757 1056 2796 merear
1078 2737 1215 2797 habitare
1238 2737 1435 2818 quietem“⁵).

296 2911 400 2994 Quod
430 2910 628 2975 litterarum
659 2909 816 2974 studium
847 2910 955 2974 etiam
986 2920 1124 2975 mortuo
1148 2911 1294 2975 Amone
1325 2931 1418 2975 anno
1448 2914 1506 2974 821
1541 2911 1577 2975 in
1608 2912 1858 2976 monasterior

163 3077 190 3120 s.
206 3036 365 3132 Petrum
388 3048 547 3113 adiutum
572 3057 609 3113 et
631 3058 775 3113 auctum
798 3069 863 3132 per
885 3051 1038 3114 abbates
1066 3060 1103 3112 et
1129 3049 1419 3134 archiepiscopos
1442 3051 1675 3114 Adalramum
1704 3052 1858 3134 (821—83

163 3203 200 3258 et
221 3191 475 3273 Liuphramum
500 3189 696 3270 (836-859)
720 3188 925 3272 permansit.
971 3187 1144 3272 Operum,
1176 3209 1268 3270 quae
1300 3199 1474 3273 regnante
1501 3191 1697 3255 Adalramo
1729 3210 1749 3254 e
1779 3192 1858 3254 scho

163 3330 249 3395 artis
272 3326 453 3392 scribendi
474 3346 582 3390 causa
596 3325 760 3390 instituta
775 3326 939 3410 profecta
954 3338 1046 3409 sunt,
1070 3327 1210 3410 integer
1233 3339 1397 3392 servatus
1414 3338 1469 3393 est
1484 3328 1585 3411 liber,
1603 3330 1663 3413 qui
1678 3329 1858 3394 inscribitu

164 3470 310 3558 „Sermo
342 3488 369 3532 s.
393 3465 589 3550 Augustini
621 3467 667 3529 de
697 3466 860 3550 symbolo
893 3478 1016 3529 contra
1043 3465 1229 3548 Iudaeos“,
1260 3467 1321 3549 qui
1351 3469 1396 3530 ab
1424 3468 1619 3533 Adalramo
1649 3469 1770 3534 iuveni
1799 3488 1858 3551 reg

162 3623 290 3698 postea
313 3609 391 3692 regi
414 3607 597 3671 Ludovico
622 3600 799 3670 Germano
824 3606 973 3688 (mortuo
998 3607 1072 3688 875)
1097 3606 1283 3670 dedicatus
1306 3617 1361 3670 est
1382 3608 1481 3671 hisce
1504 3608 1686 3671 versibus:

635 3765 779 3843 „Accipe
803 3784 919 3827 summe
941 3784 1027 3842 puer,
1051 3784 1177 3842 parvum
1199 3766 1370 3825 Hludovice
1393 3766 1534 3836 libellum,

630 3878 728 3949 Quem
752 3875 805 3935 tibi
829 3878 958 3936 devotus
981 3880 1091 3955 optulit
1115 3898 1152 3936 en
1175 3879 1303 3938 famulus

629 3990 753 4049 Scilicet
776 3990 916 4066 indignus
940 3991 1116 4049 luvavensis
1139 4006 1247 4068 pastor
1269 3994 1357 4050 ovilis

630 4105 738 4161 Dictus
760 4102 940 4160 Adalramus
964 4104 1101 4161 servulus
1124 4106 1191 4180 ipse
1214 4108 1313 4174 tuus,“

164 4268 201 4323 et
228 4258 265 4321 in
287 4258 386 4341 puris
417 4256 512 4321 foliis
542 4258 729 4341 pulchrum
761 4276 903 4321 carmen
927 4255 1195 4339 Germanicum,
1227 4277 1297 4340 quo
1325 4259 1444 4341 agitur
1471 4260 1516 4322 de
1544 4268 1718 4323 terrarum
1746 4257 1858 4323 omnia

163 4395 420 4480 deflagratione
444 4395 639 4479 (Muspilli)‚
662 4394 813 4459 forsitan
835 4395 1009 4460 Ludovici
1032 4417 1138 4459 manu
1161 4396 1333 4479 scriptum
1356 4397 1514 4462 continet
1528 4397 1563 4480 ⁶).

292 4683 314 4766 ¹)
337 4688 424 4744 Perta
447 4686 465 4743 l.
491 4705 517 4744 c.
541 4705 583 4742 ss.
608 4686 659 4743 lx.
691 4685 726 4741 In
753 4685 799 4742 his
822 4699 886 4742 erat
910 4687 999 4742 etiam
1023 4685 1099 4743 liber
1122 4686 1315 4743 formularum
1340 4687 1387 4744 ed.
1412 4687 1588 4762 Rockinger
1610 4689 1657 4744 in:
1689 4687 1817 4757 Quellen

161 4798 237 4857 bair.
262 4798 446 4857 Geschichte
469 4798 535 4856 v11.

291 4908 314 4991 ²)
337 4912 394 4968 Est
416 4909 526 4968 tabulis
549 4910 665 4967 firmata
687 4911 872 4986 conscriptio
894 4908 1042 4968 bonorum
1066 4913 1274 4994 temporalium
1296 4910 1464 4988 Salisburgi
1489 4927 1638 4990 concepta
1662 4927 1810 4991 tempore,
1838 4925 1858 4961 ⁴

163 5025 290 5083 Carolus
314 5025 491 5080 Baovarium
515 5021 572 5080 sibi
596 5020 718 5098 subegit
741 5019 844 5101 (edidit
867 5020 982 5102 Kainz).

290 5132 314 5215 ³)
338 5136 385 5193 ed.
410 5137 513 5194 Kainz.

291 5248 314 5329 ⁴)
338 5248 385 5305 ed.
410 5249 551 5305 Karaian.

291 5359 313 5442 ⁵)
336 5361 409 5417 Folz
433 5361 451 5418 l.
476 5380 502 5418 c.

290 5469 313 5554 ⁶)
329 5473 607 5550 Sitzungsberichte
623 5475 651 5531 d.
668 5475 697 5532 k.
712 5475 742 5532 k.
755 5474 853 5532 Akad.
870 5474 1170 5532 d.Wissenschalten
1187 5477 1215 5532 in
1227 5476 1327 5546 Wien‚
1345 5475 1501 5552 phil-hist.
1519 5475 1563 5533 Cl.
1580 5477 1676 5546 XXII,
1697 5491 1728 5535 et
1747 5478 1818 5536 Folz
1846 5466 1858 5524 l

8 5784 204 5896 A
