4088 6270
889 502 1172 568 -126-

157 714 230 767 tam
246 703 376 767 festive
392 713 590 785 acceptum,
607 723 649 765 ac
664 702 928 785 taphographia
943 705 989 765 ab
1018 724 1025 739 ·
1070 701 1174 764 claris
1184 701 1291 764 etiam
1301 701 1469 783 operibus
1481 700 1594 764 fatum
1608 710 1759 783 experta
1773 720 1864 794 sunt,

156 835 312 908 augusta
327 826 375 890 M.
389 825 569 907 Therasia,
588 845 666 888 cum
684 825 877 907 imperator
896 824 990 888 litte·
1069 842 1155 886 vere
1176 823 1291 886 doctis
1312 823 1460 885 multum
1483 824 1640 905 laudata,
1664 824 1757 887 male
1777 837 1875 899 notan

157 968 216 1011 ras
236 950 332 1011 haud
352 949 474 1032 magni
494 949 709 1030 aestimaret,
733 966 915 1030 saepeque
939 947 990 1009 di·
1071 967 1092 1009 a
1108 945 1313 1009 semidoctis
1333 954 1370 1008 et
1389 946 1622 1009 novatoribus
1643 946 1738 1010 illius
1757 957 1875 1038 saeculi,

128 1142 132 1147 ,
158 1089 239 1133 cere
263 1069 419 1132 auditus:
448 1068 496 1134 Se
519 1070 776 1152 Lotharingum
800 1088 893 1150 esse,
920 1089 990 1133 non
1070 1069 1130 1151 qui
1146 1088 1186 1131 se
1201 1067 1416 1131 illuminatos
1432 1068 1610 1151 dicebant,
1633 1078 1670 1132 et
1689 1105 1733 1116 —
1750 1069 1812 1152 ipsi
1826 1077 1874 1138 du-

156 1192 458 1276 Habsburgicum.
483 1193 581 1255 Inter
592 1193 662 1255 alia
675 1212 794 1275 opera,
812 1213 904 1274 quae
921 1193 990 1255 iam
1070 1210 1131 1254 ces
1155 1191 1254 1254 coeci
1275 1228 1319 1238 —-
1341 1191 1431 1252 alios
1456 1185 1665 1254 inluminare
1692 1198 1869 1272 praetende

157 1316 271 1377 abbas
282 1315 514 1396 elucubravit,
528 1314 794 1398 autperfectius
807 1316 990 1378 elaborata
1069 1316 1170 1387 bant;
1187 1313 1320 1376 veritas
1337 1314 1470 1396 quippe
1486 1313 1606 1377 odium
1626 1314 1729 1396 parit.
1749 1314 1866 1380 Littera·

157 1437 192 1499 in
209 1437 391 1519 publicum
408 1437 534 1520 emisit,
552 1437 672 1520 magni
689 1439 735 1500 ab
751 1437 899 1500 eruditis
915 1437 990 1499 exi·
1068 1437 1158 1499 rium
1173 1437 1422 1500 commercium
1437 1435 1606 1518 frequens
1619 1437 1745 1500 habuit
1757 1457 1822 1501 cum
1829 1439 1864 1501 in·

158 1558 322 1622 stimatur
334 1559 450 1622 Vetus
468 1560 630 1643 Liturgia
643 1560 885 1641 Alemannica,
903 1578 989 1622 suae
1069 1558 1239 1621 lustribus
1256 1566 1293 1620 et
1309 1557 1456 1620 eruditis
1470 1556 1696 1641 Germaniae,
1710 1557 1828 1622 Galliae
1839 1569 1864 1622 et

157 1680 348 1763 sanctitati,
370 1679 529 1764 pontifici
543 1681 610 1744 Pio
622 1681 683 1743 VI.
701 1682 876 1762 dedicata,
898 1701 988 1763 quae
1068 1680 1194 1743 Italiae
1209 1680 1305 1762 viris,
1319 1680 1411 1744 inter
1424 1700 1513 1763 quos
1523 1682 1645 1762 plures
1658 1691 1758 1745 erant
1766 1682 1814 1744 vel
1821 1702 1863 1744 no·

157 1812 241 1884 post
264 1804 380 1866 editas
403 1804 543 1884 Italiae,
568 1802 707 1866 Galliae
732 1812 769 1866 et
791 1804 989 1885 Hispaniae
1028 1816 1031 1849 ¹
1069 1801 1208 1864 bilitate
1220 1802 1362 1884 generis
1373 1805 1432 1865 vel
1445 1802 1690 1866 ecclesiastica
1705 1814 1764 1866 aut
1773 1824 1863 1867 saecu·

156 1924 319 2007 liturgias
331 1928 407 1988 sola
420 1927 535 1989 adhuc
545 1928 826 2007 desiderabatur,
840 1935 876 1988 et
888 1925 989 1988 cuius
1069 1922 1134 1985 lari
1147 1923 1322 2005 dignitate
1337 1924 1504 2008 insigneS,
1514 1925 1704 1988 acatholici
1716 1925 1863 1988 etiamnon

158 2046 424 2110 concinnandae
455 2048 572 2129 gratia
602 2048 815 2129 praecipuas
843 2044 989 2110 Germa-
1028 2012 1031 2101 Ι
1070 2044 1184 2126 pauci.
1208 2044 1343 2108 Harum
1361 2046 1592 2127 epistularum
1607 2048 1782 2129 complura
1793 2048 1863 2109 volu·

158 2170 238 2232 niae
259 2169 429 2233 ecclesias
452 2170 675 2233 cathedrales
700 2179 736 2233 et
758 2169 989 2232 monasterio·
1069 2167 1162 2229 mina
1176 2166 1210 2229 in
1219 2168 1378 2230 ordinem
1391 2169 1539 2231 redacta
1550 2179 1705 2251 exstant,
1716 2190 1798 2251 quae
1808 2188 1862 2231 cum

156 2311 233 2354 rum
253 2291 489 2354 bibliothecas
509 2292 800 2372 perlustraverat.
824 2291 989 2354 Alterum
1027 2266 1031 2329 Ι
1069 2289 1228 2370 plurimis
1241 2289 1319 2351 aliis
1327 2301 1541 2372 perpetuum
1551 2291 1745 2354 doctissimi
1756 2290 1862 2354 abbatis

158 2413 287 2476 deinde
318 2432 427 2495 opuS,
465 2415 560 2494 quod
597 2413 794 2495 inscripsit:
828 2412 989 2476 Historia
1068 2421 1334 2474 monumentum
1351 2421 1464 2476 erunt.
1488 2412 1566 2475 Etsi
1581 2433 1668 2476 vero
1683 2412 1809 2475 humilis
1821 2413 1862 2473 ab·

157 2534 281 2616 nigrae
309 2535 420 2598 silvae
449 2536 522 2598 ord.
547 2555 575 2597 s.
599 2535 788 2598 Benedicti
810 2535 988 2617 Coloniae,
1068 2535 1135 2596 bas
1151 2533 1212 2596 diu
1234 2544 1412 2616 noctuque
1433 2534 1560 2598 studiis
1576 2537 1738 2598 vacando
1756 2534 1862 2597 minine

157 2676 227 2718 non
243 2658 348 2719 modo
364 2676 421 2719 res
438 2657 571 2720 ordinis
592 2677 618 2719 s.
635 2656 834 2739 Benedicti,
856 2677 919 2720 seu
938 2656 989 2718 hi·
1069 2656 1220 2719 nominis
1232 2656 1363 2719 famam
1376 2666 1438 2720 aut
1449 2657 1628 2721 hominum
1639 2658 1776 2720 laudem
1785 2672 1861 2737 quae-

157 2779 302 2840 storiam
319 2778 472 2841 omnium
488 2779 674 2860 utriusque
690 2790 989 2842 sexusmonaste·
1028 2837 1030 2865 ,
1069 2778 1162 2860 sivit,
1186 2780 1250 2840 sed
1273 2781 1387 2841 solum
1411 2800 1475 2860 pro
1498 2779 1737 2842 confirmanda
1758 2775 1862 2859 religio

157 2899 288 2961 riorum
301 2902 368 2961 sub
381 2901 506 2983 regula
519 2920 546 2962 s.
557 2900 745 2963 Benedicti
754 2900 988 2981 militantium,
1028 2952 1030 3031 ,
1069 2921 1123 2982 ne,
1141 2900 1369 2963 dilucidanda
1384 2901 1537 2964 veritate
1552 2901 1721 2965 historica
1741 2911 1773 2964 et
1786 2893 1861 2962 saluti

158 3039 250 3101 quae
267 3021 347 3083 olim
366 3021 401 3083 in
417 3023 489 3084 late
506 3021 635 3084 diffusa
654 3022 757 3105 nigra
773 3022 864 3085 silva
880 3022 989 3085 exsti·
1028 3038 1030 3097 l
1069 3023 1248 3084 hominum
1268 3023 1421 3103 scripsit,
1443 3043 1612 3106 magnum
1632 3035 1750 3087 tamen
1767 3036 1860 3085 nomeu

157 3151 286 3223 terunt,
304 3153 339 3204 et
354 3144 460 3206 hodie
477 3144 664 3225 exsistunt,
681 3145 890 3225 praesertim
908 3164 990 3207 con·
1028 3108 1031 3207 ἶ
1069 3145 1152 3206 inde
1175 3145 1244 3207 sibi
1271 3145 1506 3228 comparavit,
1536 3155 1572 3208 et
1600 3144 1860 3209 existimationem

157 3265 379 3347 gregationis
398 3238 681 3330 San-Blasianae
702 3287 723 3328 a
744 3268 887 3329 saeculo
909 3286 989 3347 sep·
1028 3228 1030 3361 i
1068 3270 1164 3331 haud
1180 3268 1365 3348 vulgarem
1382 3269 1478 3349 apud
1494 3270 1597 3332 aulae
1613 3287 1794 3331 caesareae
1807 3279 1860 3347 pre

157 3385 243 3449 timo
255 3407 369 3468 usque
382 3390 428 3450 ad
437 3388 591 3450 medium
601 3389 729 3451 decimi
740 3389 868 3469 octavi,
880 3390 989 3451 sedet
1027 3364 1030 3449 i
1070 3410 1169 3452 ceres
1189 3390 1409 3470 praesertim,
1434 3391 1503 3472 qui,
1529 3391 1692 3471 quamvis
1714 3411 1779 3453 non
1796 3389 1860 3450 litte·

156 3512 388 3576 hierarchiam
413 3515 692 3578 ecclesiasticam
718 3515 988 3596 episcopatuum
1028 3490 1029 3559 i
1069 3513 1146 3593 rati,
1163 3513 1360 3576 litterarum
1376 3522 1495 3575 tamen
1511 3515 1666 3575 cultores
1682 3532 1759 3576 esse
1770 3519 1819 3573 aut
1827 3505 1860 3568 n'·

157 3632 449 3717 Constantiensis,
463 3637 791 3719 Argentoratensis,
808 3637 988 3719 Spirensis
1027 3650 1029 3713 ζ
1069 3636 1145 3699 deri
1160 3637 1340 3698 volebant.
1361 3634 1479 3715 Quare
1496 3635 1564 3716 ipsi
1576 3634 1692 3697 facilis
1709 3645 1744 3697 et
1759 3640 1820 3696 erat
1829 3626 1859 3689 ad

158 3765 193 3818 et
223 3756 441 3820 Basileensis
473 3759 657 3841 describit,
689 3761 812 3822 addita
843 3761 989 3841 insuper
1026 3728 1029 3811 i
1068 3755 1146 3817 illos
1170 3775 1352 3827 accessu&
1377 3764 1413 3818 et
1437 3757 1582 3837 negotia
1609 3777 1674 3819 sua
1696 3756 1819 3819 facilius
1836 3760 1860 3810 et

157 3877 342 3940 illustrium
359 3879 394 3941 in
411 3880 501 3943 silva
516 3881 619 3962 nigra
638 3881 860 3962 familiarum,
881 3891 988 3944 antea
1026 3874 1028 3943 f
1068 3878 1171 3941 citius
1188 3878 1358 3958 expedire
1376 3887 1527 3958 poterat.
1549 3879 1607 3941 Nil
1623 3880 1738 3962 magis
1752 3879 1783 3941 in
1796 3871 1860 3938 votis

157 3999 336 4062 oblivione
360 4004 565 4064 obrutarum
585 4003 742 4067 historia.
765 4004 840 4066 Nec
863 4003 988 4066 minori
1026 3979 1028 4063 l
1066 4002 1192 4064 habuit
1218 4001 1372 4081 optimus
1396 4011 1513 4082 pater,
1538 4022 1645 4082 quam
1667 4011 1707 4065 ut
1728 4001 1822 4064 verbo
1837 4006 1860 4054 et

156 4119 253 4182 laudi
269 4124 422 4184 cedebat
443 4124 567 4185 abbati
587 4144 678 4205 opus
702 4125 893 4207 diligenter
918 4128 987 4188 ela·
1026 4146 1028 4175 ÷
1068 4125 1232 4205 exemplo
1248 4123 1340 4187 filios
1357 4124 1425 4186 sibi
1441 4124 1573 4186 similes
1595 4125 1768 4204 redderet,
1787 4113 1860 4184 disci·

157 4243 320 4304 boratum
337 4245 381 4305 de
399 4254 504 4307 cantu
521 4256 557 4307 et
573 4247 707 4309 musica
720 4267 822 4310 sacra
838 4268 859 4309 a
874 4248 987 4329 prima
1025 4192 1028 4317 Ι
1067 4248 1186 4329 plinae
1220 4247 1412 4329 regularis,
1444 4247 1641 4310 studiorum
1673 4256 1710 4310 et
1737 4247 1859 4309 laborum

158 4364 331 4426 ecclesiae
347 4376 467 4428 aetate
484 4387 596 4449 usque
613 4370 659 4430 ad
675 4389 847 4450 praesens
863 4390 987 4439 saccu-
1025 4384 1028 4405 ¹
1067 4380 1242 4442 amantes;
1260 4389 1365 4450 quem
1379 4369 1414 4431 in
1425 4367 1532 4431 finem
1545 4369 1706 4432 subsidia
1717 4359 1859 4432 litteraria

156 4485 238 4547 lum.
263 4486 457 4550 Brevitatis
474 4509 583 4551 causa
599 4491 701 4571 plura
723 4490 794 4553 alia
814 4511 925 4573 opera
940 4495 987 4555 ab
1067 4512 1158 4573 quae
1170 4491 1334 4553 incendio
1346 4491 1536 4573 perierant,
1547 4492 1729 4573 resarcire,
1742 4491 1826 4552 immo
1835 4486 1858 4539 θῒ

158 4608 290 4670 abbate
302 4609 504 4691 conscripta
516 4610 761 4693 sileanturhic,
774 4633 853 4675 cum
866 4634 987 4678 eorum
1025 4616 1028 4769 ᾗ
1067 4635 1199 4697 augere
1223 4614 1369 4677 studuit.
1393 4613 1656 4677 Bibliothecam
1676 4614 1738 4676 vix
1758 4615 1859 4674 exstrl·

158 4729 325 4791 elenchus
346 4730 442 4812 typis
468 4751 661 4814 expressus
683 4743 810 4797 exstet.
835 4736 986 4799 Demum

1068 4746 1160 4800 ctam
1174 4757 1280 4818 quam
1294 4737 1454 4818 plurimis
1468 4748 1503 4799 et
1516 4737 1671 4799 melioris
1684 4746 1782 4798 notae
1791 4720 1859 4793 libris

157 4851 370 4913 venerabilis
383 4873 495 4916 senex
506 4857 783 4939 septuagenario
799 4860 911 4922 maior
926 4861 987 4921 ad·
1067 4861 1222 4941 undique
1232 4859 1450 4941 conquisitis
1457 4859 1640 4921 archivum
1650 4842 1858 4928 manuscriptis

95 4960 99 4969 ¹
156 4974 226 5036 huc
238 4973 380 5055 scripsit
393 4977 437 5038 de
450 4976 592 5039 sublimi
604 4978 639 5040 in
652 4980 838 5061 evangelio
848 4980 987 5062 Christi,
1068 4983 1208 5045 ornavit
1224 4982 1399 5062 pretiosis,
1421 4981 1767 5064 nummophylacium
1783 4966 1857 5038 fario

157 5100 193 5162 in
212 5101 365 5182 gratiam
386 5102 611 5186 confratrum,
632 5115 671 5168 ut
692 5126 753 5168 eos
770 5109 816 5169 ad
833 5108 987 5171 studium
1067 5126 1143 5167 rum
1160 5106 1444 5167 nummismatum
1458 5105 1728 5167 adcessionibus
1741 5089 1858 5172 locuple*

157 5241 184 5286 s.
201 5222 397 5305 scripturae
410 5225 593 5309 excitaret,
611 5229 705 5308 quod
719 5248 809 5309 opus
822 5229 898 5291 eius
910 5249 988 5291 suc·
1067 5228 1167 5308 tavit,
1185 5227 1417 5289 instrumenta
1433 5226 1686 5289 mathematica
1702 5235 1737 5289 et
1748 5210 1858 5305 physica

158 5365 278 5408 cessor
308 5348 421 5408 abbas
448 5349 635 5412 Mauritius
667 5350 764 5433 typis
794 5352 986 5414 mandavit.
1068 5358 1104 5412 et
1124 5369 1290 5432 magnam
1312 5350 1535 5411 cochlearum
1560 5360 1597 5411 et
1620 5348 1785 5412 fossilium
1802 5348 1856 5400 00ss'

156 5467 257 5531 Haec
273 5470 415 5533 abbatis
432 5490 540 5552 opera
556 5471 669 5535 simile
686 5492 765 5535 cum
786 5473 864 5535 aliis
885 5493 987 5554 prae·
1067 5473 1181 5555 gessit
1190 5472 1340 5553 copiam,
1352 5483 1388 5534 et
1397 5473 1676 5555 typographiam
1686 5451 1858 5567 comparatis
