4034 6262
882 495 924 503 —
970 458 1139 522 LXXXI
1186 497 1225 506 -

279 685 534 768 Liuphramo
558 697 700 750 auctore
716 687 806 750 liber
824 687 1025 769 „Excerpta
1042 687 1086 748 de
1102 687 1295 749 moralibus
1311 684 1475 768 Gregorii
1492 707 1598 769 super
1614 688 1699 750 Iob“
1724 699 1920 769 conceptus

131 832 204 904 est,
235 825 308 906 qui
339 827 563 891 absolvitur
584 827 681 890 hisce
704 826 884 889 versibus:

606 1030 682 1101 „Qui
708 1030 789 1103 legat
811 1030 890 1087 hunc
914 1029 1020 1087 IIbrum
1045 1030 1125 1087 dicat
1148 1048 1227 1104 rogo
1251 1043 1376 1105 pectore
1400 1047 1494 1105 puro:

603 1143 786 1218 Liuphramo
811 1144 928 1199 veniam
952 1143 1099 1199 scelerum
1123 1142 1161 1199 da
1184 1142 1305 1198 Christe
1329 1160 1497 1217 precamur,

603 1256 675 1312 Cum
700 1258 873 1330 sanctisque
897 1257 954 1311 tuis
979 1255 1089 1312 celsam
1113 1255 1259 1329 perducet
1283 1256 1311 1311 in
1334 1254 1432 1311 aulam

601 1367 700 1442 Atque
724 1355 764 1423 iIIi
788 1380 940 1424 aeternam
964 1366 1080 1424 tribuas
1103 1370 1252 1441 attIngere
1276 1369 1376 1433 vitam,
1435 1436 1440 1445 Ι

600 1481 668 1537 Hoc
691 1499 770 1556 opus
793 1483 930 1537 eximium
954 1481 1025 1537 fecit
1047 1483 1098 1555 qui
1122 1480 1256 1538 scribere
1279 1481 1400 1556 praesul

600 1593 646 1649 Ad
669 1593 761 1650 decus
785 1594 934 1650 ecclesiae
958 1595 1110 1669 propriam
1135 1594 1220 1649 simul
1245 1596 1335 1667 inque
1358 1593 1503 1649 salutem“
1524 1591 1554 1672 ι).

296 1798 531 1880 Liuphramo
554 1800 719 1880 praesule
751 1799 858 1860 etiam
887 1799 1069 1880 complura
1099 1797 1254 1860 carmina
1285 1817 1390 1860 versu
1421 1797 1643 1860 Hexametro
1673 1800 1731 1861 vel
1759 1799 1921 1863 Disticho

158 1937 378 2018 composita
395 1937 421 2018 2)
454 1942 542 1999 'sunt
572 1949 611 1999 ut
640 1937 766 2000 Passio
797 1957 824 2000 s.
848 1936 1048 1999 Alexandri
1076 1956 1193 2018 papae
1225 1947 1262 1998 et
1291 1936 1471 1998 Hermetis
1505 1937 1671 2018 martyris
1705 1949 1741 2000 et
1771 1939 1920 2001 afiorum

161 2084 392 2157 sanctorum,
418 2095 527 2157 quam
543 2076 677 2158 excipit
693 2077 865 2138 narrati0:
892 2075 1073 2159 „Qualiter
1089 2075 1240 2158 pignora
1257 2094 1283 2139 s.
1300 2075 1481 2138 Hermetis
1497 2075 1731 2158 Salzburgum
1748 2079 1921 2141 translata

167 2215 276 2275 sunt⁸‘
297 2216 333 2294 ³).
383 2213 494 2277 Cuius
526 2232 732 2276 successore
754 2223 929 2297 regnante
960 2214 1095 2295 scripta
1125 2225 1180 2276 est
1203 2214 1387 2277 conversio
1411 2214 1667 2296 Bogoari0rum
1693 2224 1728 2277 et
1752 2214 1921 2280 Caranta-

171 2370 316 2434 norum,
349 2354 447 2434 quod
470 2352 764 2435 pretiosissimum
789 2363 1070 2434 monumentum,
1103 2363 1265 2414 exortum
1296 2372 1342 2414 ex
1374 2353 1548 2416 instructo
1573 2352 1775 2417 Carantano
1807 2356 1921 2418 archi-

179 2490 394 2573 episcopatu
419 2491 557 2554 alienae
580 2491 785 2554 auctoritati
808 2512 878 2554 non
902 2492 1072 2573 obnoxi0,
1097 2512 1149 2573 ea,
1175 2512 1265 2572 quae
1291 2491 1442 2554 ecclesia
1459 2490 1744 2574 Salisburgensis
1769 2494 1813 2555 de
1838 2513 1920 2555 con-

185 2630 298 2690 versis
319 2629 504 2693 Bavaricis
527 2639 563 2692 et
587 2628 797 2692 Carantanis
814 2627 931 2692 Slavis
954 2632 1046 2692 bene
1070 2638 1256 2710 meruerat,
1282 2630 1491 2710 explanavit
1505 2632 1539 2709 4).

315 2767 533 2850 Quamquam
550 2788 615 2850 pro
634 2779 732 2831 certo
751 2770 995 2832 demonstrare
1011 2787 1081 2831 non
1093 2787 1293 2851 possumus,
1311 2768 1465 2830 studium
1482 2769 1679 2832 litterarum
1696 2780 1732 2832 et
1749 2770 1783 2832 In
1800 2789 1920 2832 mona-

199 2905 296 2967 sterio
316 2906 568 2970 Lunaelacensi
597 2917 632 2970 et
661 2908 695 2969 in
719 2906 975 2970 Cremifanensi
1003 2917 1039 2969 et
1067 2907 1269 2970 Innichensi
1301 2908 1369 2970 illis
1400 2908 1619 2989 temporibus
1649 2909 1718 2970 iam
1746 2907 1920 2990 floruisse,

205 3048 307 3106 tamen
326 3045 409 3109 illud
432 3045 483 3108 rei
506 3044 612 3108 fidem
635 3046 731 3127 facit,
757 3047 851 3128 quod
867 3046 1134 3109 Lunaelacense
1155 3046 1420 3127 frequentatum
1443 3056 1561 3110 erata
1582 3047 1773 3128 monachis,
1798 3048 1920 3128 quiex

212 3185 394 3248 monasterio
419 3183 623 3248 Cassinensi
647 3195 828 3266 venerant,
857 3197 893 3248 et
916 3184 1153 3248 Cremifanum
1184 3186 1418 3268 regnantibus
1442 3186 1641 3268 Carolingis
1673 3186 1828 3267 alioquin
1859 3206 1919 3248 ex-

216 3318 337 3385 cellebat
352 3334 388 3386 et
403 3324 619 3387 monasterio
635 3322 837 3386 Innichensi
854 3334 1019 3406 praeerat
1035 3325 1251 3388 clarissimus
1274 3326 1332 3388 ille
1356 3325 1468 3387 Aribo
1493 3325 1684 3406 episcopus
1707 3324 1919 3407 Frisingiae,

217 3453 262 3528 qui
280 3471 310 3522 ut
331 3461 526 3524 Leidradus
554 3463 746 3544 episcopus
769 3463 1020 3545 Lugdunensis
1048 3464 1083 3525 in
1107 3463 1291 3544 provincia
1312 3463 1481 3526 Austriae
1506 3463 1639 3546 Alpina
1663 3472 1768 3525 natus
1792 3463 1920 3525 eadem

217 3589 342 3663 doctrina
365 3610 401 3664 et
425 3601 622 3664 eruditione
647 3602 835 3664 eminebat.

316 3741 361 3803 At
389 3740 622 3821 sequentibus
650 3741 870 3822 temporibus
902 3741 958 3803 ille
990 3741 1095 3802 ardor
1123 3739 1319 3801 anImorum
1348 3741 1507 3823 elanguit
1530 3742 1588 3803 vel
1611 3741 1754 3822 penitus
1779 3748 1833 3802 est
1857 3760 1918 3802 ex-

212 3865 342 3942 stinctus.
385 3880 542 3961 Quarum
566 3900 682 3942 rerum
706 3880 857 3942 tristium
881 3899 1012 3942 causae
1035 3888 1118 3942 sunt
1140 3880 1233 3941 bella
1258 3889 1293 3942 et
1316 3898 1373 3942 res
1396 3879 1562 3961 incertae,
1588 3899 1633 3940 ex
1657 3879 1833 3941 discordia
1856 3879 1918 3940 do-

209 4013 330 4079 nestiea
344 4018 674 4099 incursionibusque
688 4018 915 4100 Hungarieae
931 4019 1049 4101 gentis
1066 4028 1213 4082 exortae
1226 4028 1263 4082 et
1275 4038 1409 4082 morum
1422 4019 1456 4081 in
1469 4019 1512 4081 iis
1525 4037 1667 4099 quoque
1683 4016 1917 4098 monasteriis,

124 4240 126 4269 Ι
207 4153 280 4213 quae
291 4158 332 4217 ab
343 4156 524 4240 Hungaris
536 4168 636 4219 erant
652 4157 797 4237 intacta,
811 4157 1000 4238 corruptio
1026 4157 1067 4219 In
1080 4158 1294 4220 monasterio
1310 4166 1448 4220 tantum
1461 4158 1506 4218 ad
1520 4178 1546 4220 s.
1559 4156 1703 4219 Petrum
1718 4155 1917 4236 Salisburgi

204 4272 250 4340 ¹110
272 4296 377 4377 ardor,
402 4316 507 4378 quem
531 4296 739 4359 incenderat
763 4297 872 4385 Arno,
896 4296 1093 4378 permansit
1117 4297 1263 4378 eiusque
1288 4297 1409 4359 schola
1433 4295 1643 4377 optimorum
1668 4294 1917 4375 magistrorum

202 4427 309 4513 ⁰Pera,
328 4445 364 4497 ut
384 4447 461 4498 erat
477 4433 716 4498 Chunibertus
739 4437 932 4498 monachus
956 4454 975 4497 e
999 4435 1213 4497 monasterio
1230 4433 1465 4517 Sangallensi,
1490 4434 1586 4514 quod
1606 4432 1726 4494 intime
1743 4440 1819 4494 erat
1836 4450 1917 4493 con-

198 4545 339 4634 iunctum
355 4595 433 4637 cum
449 4594 476 4637 s.
493 4575 649 4656 Ruperti
666 4575 849 4656 coenobio,
867 4574 1057 4655 Linfridus,
1074 4575 1142 4655 alii,
1166 4574 1363 4637 etiamtum
1380 4572 1573 4652 dIscipqus
1597 4570 1726 4631 multos
1749 4569 1916 4651 habebat,

192 4702 229 4752 ΕΚ
255 4709 376 4783 quibus
399 4714 559 4776 nonnulli
582 4723 621 4777 ut
644 4735 671 4778 s,
690 4712 903 4777 Godhardus
927 4723 1056 4794 postea
1078 4714 1125 4775 ad
1149 4714 1240 4774 altos
1263 4710 1436 4772 ecclesiae
1452 4710 1605 4770 honores
1629 4709 1867 4770 ascenderunt
1881 4711 1915 4786 ⁵).

207 4846 281 4865 ..x—
292 4864 308 4870 ἡ

335 4872 490 4879 -,---

316 4954 334 5033 ¹)
356 4960 437 5025 Folz,
451 4962 545 5035 quim
561 4958 638 5017 libro
655 4963 710 5016 iam
725 4972 891 5017 memorato
904 4960 963 5016 alia
976 4958 1122 5034 quaedam
1141 4957 1179 5014 ab
1189 4955 1350 5012 AdaIramo
1364 4966 1394 5008 et
1407 4954 1592 5027 Liuphramo
1606 4953 1757 5008 venIentia
1774 4955 1915 5009 nominat.

314 5065 336 5148 ²)
359 5072 523 5140 Diimmler,
548 5071 660 5128 Archiv
684 5072 730 5129 fiir
753 5079 860 5128 osterr.
885 5071 997 5128 Gesch.
1022 5071 1117 5127 XXII.

307 5177 332 5257 3)
354 5186 425 5242 FoIz
448 5185 467 5240 I.
493 5201 537 5251 c.;
563 5184 715 5240 Dtimmler
737 5185 755 5240 I.
781 5203 807 5240 c.

303 5289 333 5371 4)
355 5298 400 5354 ed.
425 5295 628 5355 Wattenbach
653 5300 681 5353 In
705 5299 800 5363 Pertz‚
824 5297 955 5352 Monum.
981 5295 1084 5352 Germ.
1109 5312 1148 5349 ss.
1173 5291 1224 5346 XI.

300 5402 332 5484 5)
354 5408 557 5466 Wattenbach
580 5409 599 5464 I.
624 5429 649 5464 c.
675 5410 696 5464 I.
