4034 6262
900 496 943 508 —
988 460 1161 524 XXXIV
1205 496 1249 506 —

207 688 449 754 calamitatem
470 700 618 769 propter
639 706 799 770 pugnam
821 686 914 749 inter
930 684 1125 769 Georgium
1141 685 1343 766 Podebrad,
1361 702 1483 768 regem
1499 684 1706 766 Bohemiae,
1722 692 1761 748 et
1776 682 1946 747 Mathiam

205 826 408 909 Corvinum,
423 824 633 907 Hungariae
649 843 782 908 regem,
800 833 1001 888 consertam
1017 822 1201 886 Moraviae
1218 822 1433 887 monasteria
1448 822 1689 906 Raigradium
1705 832 1743 887 et
1758 823 1946 888 Trebicum

206 972 426 1047 acceperunt
448 963 508 1046 ita,
532 971 572 1027 ut
593 963 661 1026 hoc
685 962 896 1025 dissolutum
919 962 966 1025 sit
981 964 1014 1043 ¹).

984 1307 1090 1373 cAP.
1114 1307 1175 1371 1v.

341 1519 381 1582 1n
405 1517 555 1581 eandem
579 1516 831 1603 calamitatem,
863 1536 934 1598 qua
960 1484 1047 1578 ordo
1075 1525 1181 1579 antea
1212 1516 1304 1579 adeo
1330 1513 1460 1579 florens
1482 1514 1677 1579 Bohemiae
1701 1524 1738 1580 et
1762 1515 1946 1580 Moraviae

210 1656 355 1721 saeculo
378 1655 501 1737 quinto
526 1654 662 1717 decimo
686 1656 879 1736 obpressus
902 1665 988 1735 erat,
1012 1654 1157 1717 saeculo
1181 1664 1353 1735 sequente
1373 1652 1532 1736 religiosi
1547 1661 1720 1717 terrarum
1736 1654 1948 1736 Alpinarum

210 1794 420 1859 inciderunt.
465 1792 589 1874 Magni
620 1790 816 1855 animorum
845 1799 980 1873 motus,
1014 1811 1105 1873 quos
1135 1792 1330 1854 monachus
1362 1791 1647 1874 Augustinorum
1677 1800 1715 1855 et
1745 1793 1948 1877 theologiae

212 1900 396 2017 professor
417 1930 660 1995 universitatis
683 1930 1023 2014 Wittenbergensis,
1046 1930 1108 1994 Dr.
1133 1929 1309 1993 Martinus
1334 1930 1521 2013 Lutherus,
1545 1931 1739 2014 exciverat,
1765 1931 1801 1995 in
1826 1934 1948 1996 domos

212 2090 354 2156 quoque
377 2069 510 2134 ordinis
532 2090 559 2134 s.
583 2070 771 2133 Benedicti
793 2068 922 2132 fluctus
946 2071 1163 2152 evolverent,
1196 2069 1257 2151 qui
1287 2069 1323 2132 in
1356 2067 1517 2150 plurimis
1547 2068 1652 2133 avide
1682 2068 1947 2134 hauriebantur.

207 2210 255 2274 ¹Id
276 2208 354 2273 fieri
376 2218 520 2291 poterat
541 2217 742 2291 propterea,
768 2210 863 2291 quod
888 2207 1077 2290 disciplina
1097 2216 1135 2272 et
1150 2209 1307 2273 studium
1323 2209 1520 2273 litterarum
1535 2209 1810 2292 neglegebatur,
1833 2228 1949 2272 rerum

212 2347 368 2412 inanium
396 2367 494 2410 amor
521 2347 729 2430 inrepserat.
770 2346 965 2410 Praeterea
988 2346 1075 2410 ordo
1099 2346 1325 2410 sacerdotum
1349 2346 1563 2430 regularium
1586 2346 1740 2411 maximo
1766 2356 1846 2410 erat
1870 2368 1950 2412 con·

213 2486 374 2569 temptui,
397 2493 436 2549 ut
460 2487 654 2549 monachus
677 2506 756 2549 cum
779 2494 882 2549 veste
906 2485 1039 2549 ordinis
1062 2485 1231 2549 incedens
1258 2484 1344 2548 risui
1376 2486 1435 2548 vel
1463 2485 1600 2549 iniuriis
1627 2486 1815 2567 expositus
1845 2498 1950 2551 esset.

213 2625 393 2706 Perpetua
409 2624 563 2706 denique
579 2623 772 2687 certamina
788 2643 867 2687 cum
880 2622 1077 2706 nobilitate,
1091 2642 1183 2705 quae
1196 2624 1329 2706 ubique
1342 2622 1417 2687 fere
1430 2643 1559 2687 novam
1572 2624 1770 2688 doctrinam
1782 2626 1952 2707 amplexa

214 2772 292 2827 erat
308 2770 344 2826 et
360 2761 593 2844 cupiditatem
616 2762 841 2844 praediorum
861 2762 1164 2827 monasterialium
1180 2764 1272 2826 male
1290 2763 1546 2847 dissimulabat,
1568 2765 1695 2828 eodem
1710 2763 1952 2846 pertinebant.

345 2901 386 2963 In
414 2901 666 2970 monasterium
690 2899 885 2965 Garstense
914 2901 1228 2983 protestantismus
1258 2903 1328 2966 iam
1358 2922 1451 2966 anno
1485 2906 1564 2983 1527
1597 2902 1791 2967 invaserat.
1838 2903 1953 2966 Paulo

216 3046 300 3122 post
322 3059 402 3101 eum
425 3038 461 3101 in
484 3038 629 3121 reliquis
651 3039 892 3122 monasteriis,
923 3060 1004 3103 cum
1026 3039 1238 3122 praesertim
1260 3039 1419 3103 nonnulli
1439 3040 1593 3111 abbates
1615 3060 1637 3102 a
1659 3040 1815 3104 veritate
1840 3042 1956 3105 desci-

215 3177 361 3261 vissent,
385 3179 590 3288 reperimus.
636 3179 724 3243 Inde
746 3177 824 3242 fieri
846 3199 916 3242 non
939 3178 1066 3262 potuit,
1093 3178 1177 3262 quin
1200 3198 1366 3242 numerus
1389 3178 1636 3262 religiosorum
1665 3177 1701 3241 in
1728 3178 1809 3242 dies
1838 3180 1957 3264 magis

216 3316 489 3380 deminueretur.
535 3316 768 3401 Gottwigium
792 3318 935 3400 quidem
958 3328 995 3382 et
1018 3318 1138 3383 Cellae
1160 3319 1344 3382 Marianae
1368 3328 1511 3401 praeter
1535 3319 1702 3382 abbatem
1718 3318 1858 3382 nullum
1874 3339 1958 3382 con-

174 3462 177 3467 '
216 3457 430 3538 ventualem,
455 3455 745 3540 Seitenstadium,
769 3457 975 3540 Mellicium,
1000 3457 1216 3540 Admontes,
1240 3456 1466 3538 Gluniacum,
1490 3455 1759 3539 Lambachium,
1782 3456 1960 3521 Michael-

216 3595 344 3657 burum
366 3594 428 3657 vix
450 3594 532 3677 plus
554 3605 628 3658 tres
651 3615 763 3660 sexve
786 3596 973 3680 religiosos
996 3596 1187 3661 habebant.
1219 3595 1324 3678 Quid,
1348 3597 1443 3678 quod
1466 3595 1502 3659 in
1525 3593 1711 3658 Garstensi
1734 3597 1959 3660 monasterio

217 3752 261 3796 eo
284 3743 429 3797 ventum
453 3742 543 3817 erat,
567 3743 607 3797 ut
629 3735 700 3798 duo
723 3734 879 3816 capitula
902 3743 1039 3819 essent,
1063 3735 1213 3798 alterum
1237 3734 1451 3816 maritorum,
1475 3734 1624 3797 alterum
1647 3732 1754 3795 trium
1778 3735 1960 3798 sodalium

218 3870 425 3935 caelebum?
439 3873 462 3952 ²)

348 4008 534 4074 Deteriore
564 4020 660 4074 statu
692 4010 865 4074 coenobia
894 4009 1098 4073 monialium
1131 4020 1242 4073 erant.
1288 4011 1348 4074 Ad
1378 4010 1518 4074 radices
1547 4010 1676 4073 montis
1707 4007 1965 4075 Gottvicensis

219 4148 401 4213 conditum
428 4153 506 4229 1557
532 4149 743 4212 dissolutum
767 4158 831 4214 est.
865 4148 1045 4233 Erlaense,
1063 4149 1358 4232 Trunkirchense,
1388 4148 1673 4233 Salisburgense,
1698 4150 1984 4233 Admontense,

220 4307 300 4351 cum
322 4290 369 4351 ab
393 4288 517 4352 incolis
541 4288 706 4351 desertae
730 4298 860 4370 essent,
883 4288 1093 4352 interierunt
1106 4289 1142 4371 ³).

351 4425 435 4488 Pari
462 4403 566 4488 modo
594 4425 630 4489 in
654 4424 835 4489 Cerinthia
864 4447 905 4490 ac
933 4417 1043 4489 Tiroli
1069 4434 1106 4489 et
1129 4426 1385 4510 Vorarlbergio
1416 4446 1509 4490 nova
1539 4425 1666 4509 religio
1698 4427 1838 4491 multos
1865 4448 2002 4492 asse-

222 4562 320 4626 culas
342 4573 447 4627 nacta
471 4573 559 4646 erat,
583 4564 643 4646 qui
666 4566 887 4630 immemores
903 4564 978 4628 voti
994 4565 1086 4628 sacri
1112 4566 1336 4629 monasteriis
1360 4566 1595 4647 excedebant,
1619 4574 1659 4628 ut
1681 4565 1717 4628 in
1740 4567 2007 4631 monasterio

224 4700 461 4782 Sanpaulensi
498 4713 636 4767 mortuo
667 4703 804 4766 Mathia
838 4706 970 4766 abbate
1010 4707 1090 4767 1550
1124 4707 1194 4768 duo
1228 4704 1358 4768 fratres
1393 4715 1513 4769 essent
1526 4706 1550 4785 ⁴)
1585 4716 1622 4767 et
1655 4703 1692 4767 in
1727 4704 2007 4768 Ossiachens=

356 4943 377 5023 ¹)
401 4948 522 5022 Wolny‚
547 4948 767 5023 Topographie
791 4968 850 5004 von
874 4949 1007 5015 Mahrem
1032 4949 1151 5023 Iglauer
1175 4952 1273 5006 Kreis.

355 5056 376 5135 ²)
399 5060 502 5115 Friess
526 5060 543 5115 l.
569 5042 839 5126 c.;¹Widemann‚
873 5059 1079 5116 Reformation
1111 5063 1139 5117 in
1168 5063 1523 5129 Nieder-Oesterreich;
1558 5063 1655 5130 Klein,
1689 5063 1873 5120 Geschichte
1901 5064 2006 5121 de:

226 5167 475 5237 Christenthums,
498 5172 557 5228 alii.

356 5285 378 5363 ⁵)
403 5289 514 5342 Harum
540 5284 689 5343 coenobia
714 5304 779 5340 cum
805 5282 1019 5339 monachorum
1044 5284 1182 5342 domibus
1207 5290 1366 5344 coniuncta
1391 5289 1446 5342 iam
1471 5299 1558 5342 antea
1582 5288 1767 5345 interierant.

357 5396 380 5474 ⁴)
403 5398 532 5465 Schroll,
557 5400 620 5454 Das
643 5397 713 5454 Stist
736 5397 780 5454 St.
805 5396 887 5452 Paul.
