4034 6262
993 481 1272 549 -216-

250 699 318 742 sua
334 679 491 742 omnium
513 697 656 740 suorum
677 676 935 757 discipulorum
957 679 1093 743 animos

250 803 303 866 ita
329 802 398 865 sibi
420 800 639 884 conciliavit,
663 809 704 864 ut
725 819 830 864 nemo
855 800 903 865 sit
926 802 1093 866 inventus

252 925 314 1008 qui
330 926 571 989 reverentiam
587 935 624 988 et
636 934 779 1008 gratum
792 923 950 989 animum
965 925 1017 988 illi
1033 926 1093 989 de·

250 1060 415 1133 negaret.
447 1048 531 1111 Fuit
552 1047 645 1111 enim
662 1067 769 1111 verus
790 1047 1010 1111 studentium
1029 1068 1093 1130 pa-

252 1184 324 1255 ter,
355 1171 565 1255 indigentiis
593 1188 715 1233 eorum
737 1170 997 1252 temporalibus
1023 1189 1093 1234 non

251 1295 381 1359 minori
398 1313 483 1358 cura
499 1292 732 1356 sublevandis
756 1293 925 1374 intentus,
950 1313 993 1356 ac
1013 1312 1094 1374 pro-

252 1417 396 1502 gressui
413 1435 536 1479 eorum
548 1415 585 1478 in
598 1415 761 1478 doctrina
774 1425 811 1478 et
823 1435 960 1478 morum
976 1415 1094 1496 probi-

253 1553 331 1605 tate
362 1539 572 1619 consulens,
603 1537 689 1601 licet
719 1538 931 1619 plerumque
957 1535 1095 1600 infirma

252 1661 463 1726 valetudine
478 1670 516 1723 et
531 1661 625 1723 malo
637 1660 793 1744 gutturis
805 1660 841 1723 in
857 1659 981 1742 primis
996 1659 1094 1722 labo·

253 1804 349 1848 rans.
373 1783 493 1865 Quum
509 1804 602 1847 anno
623 1789 705 1864 1849
721 1783 923 1847 institutum
939 1782 1094 1864 philoso-

253 1909 400 1991 phicum
417 1926 585 1969 unacum
602 1907 654 1970 sic
666 1907 772 1970 dictis
785 1906 961 1970 classibus
972 1907 1094 1968 huma·

253 2030 416 2095 nioribus
438 2028 473 2092 in
496 2029 744 2114 ,gymnasium
766 2028 950 2112 superius“
976 2029 1093 2091 eleva-

253 2166 363 2232 retur,
384 2164 470 2214 tunc
486 2151 670 2232 professor
685 2152 879 2215 Kaliwoda
900 2151 1008 2214 etiam
1028 2151 1093 2213 lin·

253 2294 365 2360 guam
381 2287 418 2337 et
434 2273 671 2338 litteraturam
684 2275 856 2338 slavicam
872 2274 1092 2338 edocendam

254 2398 427 2479 suscepit,
443 2409 501 2459 ast
516 2417 627 2481 aegra
639 2397 845 2461 valetudine
861 2397 1003 2460 blandis
1018 2416 1093 2459 mu-

254 2523 306 2586 sia
321 2534 360 2583 et
374 2520 529 2583 dilectae
545 2521 723 2584 iuventuti
742 2520 939 2583 litterarum
959 2517 1094 2582 studio-

255 2664 319 2709 sae
336 2642 538 2705 valedicere
554 2653 711 2724 coactus,
728 2644 774 2705 ad
789 2641 896 2705 finem
912 2642 995 2704 anni
1013 2646 1094 2704 1850

253 2768 302 2831 ad
319 2765 572 2830 mtmasterium
583 2765 785 2828 revertitur.
809 2766 917 2827 Anno
930 2765 1094 2846 sequenti

253 2910 277 2954 a
296 2907 421 2953 mvmse
437 2887 534 2950 Maio
555 2889 601 2950 ad
621 2885 728 2949 finem
743 2887 955 2950 Decembris
970 2886 1093 2948 Nosis·

254 3011 373 3078 lavian
389 3010 494 3073 amici
510 3011 564 3073 sui
578 3010 689 3072 Tesfk
704 3009 852 3092 parochi
864 3008 943 3071 vice
960 3009 995 3072 in
1008 3029 1094 3072 cura

253 3133 454 3201 animarum
470 3131 698 3215 fungebatur,
716 3152 796 3195 cum
813 3132 871 3193 ille
888 3134 935 3194 ob
951 3130 1093 3194 infirmi·

254 3270 368 3323 tatem
388 3255 529 3319 balneis
544 3252 943 3336 Graefenbergensibus
963 3255 1014 3317 uti
1036 3274 1093 3318 co-

254 3390 412 3464 geretur,
436 3377 573 3441 Redux
592 3377 766 3458 magister
780 3376 994 3440 novitiorum
1011 3397 1092 3441 con·

255 3501 417 3567 stituitur
432 3510 470 3563 et
481 3518 575 3562 anno
592 3503 673 3578 1854
689 3509 773 3581 post
788 3499 924 3562 obitum
936 3498 1094 3601 Victoris

254 3623 402 3689 abbatis
428 3643 480 3686 22.
503 3620 592 3685 Nov.
616 3622 726 3704 legali
749 3621 863 3685 forma
888 3623 982 3686 votis
1007 3640 1093 3684 una-

256 3744 363 3813 nimia
377 3745 493 3807 abbas
505 3744 632 3806 tertius
643 3743 920 3826 Raigradiensis
932 3753 988 3807 est
1001 3745 1092 3807 elec-

255 3884 335 3948 tus,
357 3865 460 3929 cuius
482 3865 669 3947 dignitatis
692 3885 800 3928 onera
825 3865 894 3928 iam
917 3885 982 3947 per
1006 3885 1091 3946 qua-

255 3991 424 4055 drantem
454 3987 605 4070 saeculi,
636 3988 794 4070 corporis
821 3986 1024 4051 infirmitate
1056 3997 1092 4050 et

260 4111 369 4177 variis
394 4123 595 4193 temporum
626 4109 826 4174 infortuniis
857 4130 1090 4192 curarumque

255 4231 485 4301 tuultitudine
501 4232 597 4294 haud
608 4252 680 4294 una
690 4232 770 4294 vice
787 4251 991 4314 oppressus,
1008 4232 1091 4296 forti

256 4360 445 4437 imusque
475 4364 653 4417 sustentat
683 4354 818 4417 animo:
845 4354 916 4416 Per
945 4355 1091 4438 longum

256 4480 371 4543 hwoe
386 4475 540 4558 spatium
556 4495 627 4538 non
643 4476 757 4538 solum
770 4476 1005 4539 omnimodam
1021 4475 1091 4538 fra-

256 4615 352 4667 trum
370 4599 576 4681 indigentiis
596 4608 633 4661 et
654 4599 814 4661 internae
838 4600 963 4661 domus
980 4598 1091 4662 direc-

256 4722 346 4787 tioni
359 4721 521 4785 adhibuit
533 4741 663 4804 curam,
677 4723 741 4783 sed
753 4722 867 4804 magis
880 4721 974 4783 illam
983 4720 1091 4783 etiam

256 4846 305 4909 ad
318 4856 445 4906 extera
456 4844 602 4927 negotia
610 4844 718 4906 variis
731 4843 767 4906 in
780 4845 922 4906 casibus
936 4845 970 4906 in
984 4846 1091 4906 rebus

257 4963 425 5053 politicis
435 4965 470 5026 in
479 4967 705 5046 susceptione
713 4965 1091 5047 hospitum‚inratione

255 5088 390 5173 agendi
403 5108 483 5151 cum
495 5089 763 5173 magistratibus
772 5089 896 5151 mirum
905 5091 940 5152 in
949 5091 1091 5152 modum

256 5212 493 5299 spectandam
509 5212 600 5274 adeo
614 5213 789 5294 praebuit,
807 5221 845 5275 ut
861 5213 977 5274 nullus
992 5223 1091 5273 ante-

253 5351 439 5399 oessorum
464 5334 532 5416 ipsi
555 5354 634 5415 par,
658 5333 736 5415 ipse
764 5334 927 5396 omnibus
950 5331 1091 5415 dignior

256 5459 433 5531 (adeatur.
457 5455 641 5521 Moraviae
664 5456 826 5517 ordinum
847 5455 1005 5518 conciliis
1026 5476 1091 5537 per

1172 691 1253 746 octo
1274 703 1445 746 annorum
1467 685 1656 748 decursum
1678 685 1841 750 assidens
1859 686 1875 750 f

1172 803 1305 868 invicto
1335 805 1453 869 animo
1483 805 1560 869 iura
1587 809 1860 873 conservativae

1173 946 1312 1008 semper
1324 930 1501 1011 tuebatur,
1516 929 1622 992 nullis
1634 929 1767 993 illectis
1780 951 1875 1014 nequ«

1173 1048 1268 1114 ditiis
1302 1069 1418 1132 neque
1447 1052 1778 1134 pollicitationibus.
1815 1055 1855 1118 In

1172 1191 1257 1236 vero
1277 1193 1348 1255 qua
1368 1184 1510 1237 curator
1527 1173 1682 1238 instituti
1703 1177 1875 1240 surdo-mu

1174 1296 1231 1378 (ab
1247 1315 1339 1358 anno
1359 1297 1539 1378 1859—73)
1552 1297 1642 1385 plus
1663 1317 1737 1360 una
1752 1297 1831 1360 vice
1848 1298 1875 1362 iu

1173 1436 1246 1481 rem
1271 1418 1374 1481 huius
1400 1418 1553 1482 instituti
1580 1437 1746 1483 sermone
1776 1440 1875 1502 praec

1174 1558 1298 1603 sensus
1327 1550 1537 1622 mentesque
1568 1560 1758 1623 procerum
1786 1543 1821 1606 in
1845 1562 1875 1607 c<

1173 1664 1416 1744 pertractabat
1435 1673 1544 1744 atque
1570 1663 1621 1726 ita
1644 1663 1779 1747 effecit,
1804 1676 1875 1729 uta

1173 1785 1353 1867 pliandum
1369 1785 1521 1849 instituti
1537 1787 1642 1849 huius
1657 1787 1854 1851 aedificium
1867 1809 1875 1851 1

1172 1907 1324 1990 pecunia
1337 1906 1491 1970 10.ooofl.
1502 1911 1770 1992 concederetur,
1779 1909 1875 1973 funda

1172 2029 1305 2112 fierent,
1315 2029 1443 2092 salaria
1455 2041 1684 2113 augerentur,
1693 2031 1875 2095 institutioi

1172 2152 1338 2236 gymnica
1349 2151 1480 2214 ibidem
1492 2151 1789 2217 introduceretur.
1802 2153 1875 2236 Quil

1172 2278 1239 2338 bus
1254 2295 1324 2338 non
1340 2274 1452 2338 solum
1469 2275 1708 2339 omnimodam
1720 2277 1850 2358 primus
1863 2295 1875 2357 1

1171 2397 1296 2461 stituto
1315 2398 1425 2460 hocce
1448 2395 1610 2460 incitavit
1633 2398 1875 2480 industriam*

1173 2520 1280 2584 etiam
1288 2519 1323 2582 in
1332 2518 1875 2602 animishominumingenuorum

1174 2663 1215 2706 ac
1237 2643 1533 2704 surdo-mutorum
1559 2652 1700 2724 gratam
1723 2643 1778 2706 sui
1800 2662 1875 2706 men

1173 2764 1324 2846 reliquit.
1347 2761 1404 2827 Ob
1420 2764 1642 2843 praeclaram
1663 2764 1700 2827 in
1716 2766 1841 2827 domus
1858 2785 1875 2826 n

1173 2885 1410 2950 moderamine
1430 2883 1696 2948 manifestatam
1716 2886 1875 2966 prudenti

1174 3009 1423 3072 dexteritatem
1445 3027 1650 3088 supremum
1666 3010 1801 3072 ordinis
1815 3008 1875 3072 Ter

1173 3132 1380 3216 magistrum
1402 3129 1628 3193 archiducem
1648 3131 1875 3194 Maximiliam

1174 3276 1250 3318 rum
1266 3254 1421 3337 optimae
1437 3253 1628 3316 memoriae
1650 3272 1717 3317 nec
1739 3273 1809 3317 non
1829 3254 1875 3317 eiu

1174 3397 1350 3441 cessorem
1365 3375 1591 3438 archiducem
1608 3373 1826 3439 Guilelmum
1839 3375 1873 3438 in

1173 3500 1302 3562 mando
1322 3498 1483 3562 instituto
1500 3500 1729 3561 sacerdotum
1750 3497 1875 3560 ordinis

1172 3622 1237 3686 fati
1259 3632 1294 3686 et
1310 3622 1345 3684 in
1361 3620 1588 3684 elaborandis
1609 3621 1757 3684 statutis
1777 3620 1875 3684 consil

1172 3746 1270 3809 iuvit.
1281 3743 1531 3826 Quaecumque
1540 3743 1719 3826 gravioris
1727 3751 1875 3806 moment

1171 3887 1254 3950 pars
1271 3867 1322 3929 sic
1338 3866 1434 3929 dicta
1447 3864 1636 3928 nationalis
1658 3864 1875 3929 conservativ

1171 3990 1292 4053 ravica
1312 3990 1391 4070 plus
1411 4008 1481 4051 una
1496 3987 1574 4050 vice
1594 3987 1672 4050 eius
1696 3988 1848 4051 subiecit
1866 3985 1876 4048 i

1171 4131 1288 4193 neque
1300 4131 1407 4173 unum
1416 4109 1554 4172 exstitit
1563 4109 1765 4173 institutum
1774 4112 1875 4172 huma

1172 4235 1206 4297 in
1223 4233 1404 4316 provincia
1420 4241 1550 4313 nostra,
1573 4234 1668 4313 quod
1692 4230 1863 4296 materiali

1171 4376 1214 4419 ac
1241 4354 1415 4436 spirituali
1442 4352 1619 4415 iuvamine
1650 4372 1723 4416 non
1749 4354 1875 4416 sublevt

1171 4479 1264 4541 Hinc
1280 4477 1387 4540 etiam
1403 4475 1600 4558 principum
1617 4495 1733 4556 aeque
1754 4495 1798 4539 ac
1817 4492 1875 4557 pro

1171 4601 1246 4663 iure
1262 4597 1455 4681 promeruit
1470 4598 1641 4659 honorem
1657 4607 1695 4660 et
1711 4596 1875 4661 amicitiat

1171 4735 1285 4785 terum
1302 4720 1506 4785 Guntherus
1527 4721 1642 4782 abbas
1662 4720 1769 4783 nobis
1785 4717 1875 4803 perdi

1172 4864 1311 4907 omnem
1328 4862 1433 4924 quam
1449 4841 1565 4924 potuit
1578 4861 1700 4904 curam
1714 4852 1750 4905 et
1764 4843 1875 4906 sollert

1173 4966 1343 5028 dustriam
1354 4964 1406 5026 rei
1418 4963 1667 5026 oeconomicae
1680 4975 1717 5028 et
1726 4964 1875 5028 necessit

1172 5087 1376 5151 monasterii
1391 5085 1564 5166 impendit
1581 5096 1617 5149 et
1633 5086 1736 5170 larga
1753 5087 1875 5151 benedi

1172 5209 1319 5271 coelesti
1339 5209 1543 5289 accedente,
1565 5207 1731 5271 aedificia
1751 5210 1851 5273 varia
1872 5232 1875 5292 j

1172 5330 1383 5412 aedificavit,
1407 5328 1536 5412 partim
1553 5349 1600 5392 ex
1616 5329 1760 5414 integro
1780 5342 1875 5396 resta

1171 5454 1222 5516 uti
1234 5473 1322 5536 egr.
1331 5456 1472 5516 domum
1481 5463 1641 5515 nostram
1651 5454 1875 5519 Brunensem
