4088 6270
755 477 1016 540 -LXI—

51 728 101 771 non
118 708 224 770 solum
248 707 294 768 de
318 704 435 768 causis
457 705 608 787 privatis
638 704 703 767 sed
733 704 839 767 etiam
870 703 1024 785 publicis
1054 714 1091 765 et
1121 702 1335 783 capitalibus
1366 701 1558 764 iudicabat.
1603 699 1644 762 In
1676 699 1752 761 eius

53 854 200 930 potestate
228 854 306 908 erat
334 844 537 908 docentium
564 843 847 925 discentiumque
877 842 991 906 omnis
1022 841 1142 923 copia,
1173 825 1398 903 academicus
1428 859 1618 920 accensus,
1650 848 1754 922 typo-

55 986 195 1068 graphas,
228 981 411 1065 librarius,
447 1002 512 1045 nec
548 1002 619 1045 non
655 982 871 1064 amplificata
908 980 1139 1044 universitate
1176 988 1284 1060 atque
1321 998 1368 1041 ex
1403 979 1574 1041 laicorum
1611 997 1753 1060 quoque

57 1142 168 1186 numero
190 1121 453 1203 professoribus
476 1121 601 1184 accitis
623 1122 747 1184 horum
770 1139 912 1201 uxores,
940 1119 1054 1201 liberi,
1084 1118 1207 1181 famuli
1234 1117 1469 1198 famulaeque.
1516 1117 1613 1180 Nulli
1642 1115 1754 1198 magi·

58 1261 151 1324 stratui
171 1260 225 1322 ius
249 1267 327 1322 erat
349 1259 651 1340 comprehendere
675 1259 790 1322 civem
812 1258 1065 1340 academicum,
1090 1257 1156 1320 nisi
1182 1257 1238 1340 ,in
1252 1255 1451 1340 flagranti“,
1476 1266 1512 1319 et
1535 1257 1586 1319 sic
1610 1276 1752 1338 quoque

59 1419 139 1482 penes
157 1408 330 1462 rectorem
353 1406 431 1461 erat
453 1399 498 1460 de
521 1418 582 1461 reo
605 1397 783 1461 iudicium.
829 1398 1031 1460 Provocare
1062 1396 1194 1459 licebat
1222 1415 1243 1456 a
1271 1405 1410 1458 rectore
1439 1396 1486 1457 ad
1513 1395 1755 1459 academicum

60 1547 194 1618 senatum,
217 1536 459 1618 professorum
483 1535 760 1617 universitatem,
784 1537 867 1599 inde
890 1537 936 1598 ad
959 1535 1277 1617 archiepiscopum.
1308 1533 1468 1617 Insignia
1483 1535 1632 1598 rectoris
1653 1545 1754 1598 erant

61 1676 157 1738 mitella
177 1675 377 1739 holoserica
404 1674 517 1738 instar
540 1676 710 1738 abbatum
740 1683 848 1756 atque
879 1685 1077 1756 sceptrum,
1109 1676 1205 1755 quod
1234 1674 1270 1737 in
1303 1674 1444 1757 pompis
1474 1674 1754 1755 praeferebatur.

61 1813 207 1897 Dignitate
230 1813 385 1895 proximi
408 1823 510 1877 erant
532 1824 716 1895 protector
739 1825 776 1876 et
798 1813 1106 1894 procancellarius,
1136 1813 1235 1875 cuius
1259 1823 1336 1876 erat
1364 1813 1457 1876 tueri
1487 1812 1565 1874 iura
1588 1821 1624 1874 et
1647 1812 1754 1894 privi-

60 1952 126 2034 legia
145 1952 382 2016 universitatis
405 1964 513 2034 atque
537 1952 572 2015 in
595 1951 840 2033 facultatibuS,
872 1971 964 2032 quae
992 1961 1065 2014 tres
1093 1961 1209 2033 erant,
1238 1953 1439 2015 licentiatos
1466 1951 1686 2032 renuntiare,
1719 1963 1755 2014 et

62 2089 163 2152 decani.
203 2090 292 2153 Tres
316 2090 506 2154 facultates
534 2090 717 2153 habebant
740 2110 804 2152 sua
828 2109 992 2171 quaeque
1016 2098 1151 2152 statuta
1174 2108 1346 2170 suamque
1370 2109 1489 2153 arcam
1512 2090 1754 2171 nummariam,

62 2227 290 2310 philosophicae
307 2240 343 2292 et
359 2227 584 2311 theologicae
600 2228 794 2290 communis
817 2238 895 2289 erat
910 2247 1003 2308 arca,
1028 2247 1074 2289 ex
1091 2214 1168 2308 qua'
1178 2237 1342 2309 sumptus
1358 2228 1588 2291 sollemnibus
1603 2228 1753 2311 agendis

62 2367 356 2447 suppeditabantur.

155 2505 257 2569 Vitae
281 2514 359 2568 crat
382 2525 519 2568 summa
541 2505 707 2567 alacritas
730 2514 838 2586 atque
861 2504 1031 2567 hilaritas,
1069 2503 1252 2567 Interdum
1277 2503 1312 2566 in
1335 2505 1462 2586 amplis
1485 2506 1601 2568 Aulae
1626 2505 1752 2588 spatiis

62 2660 156 2724 magno
176 2644 394 2708 audientium
418 2664 592 2707 concursu
621 2645 665 2705 de
693 2645 800 2705 rebus
829 2642 1076 2705 diversissimis
1104 2642 1270 2723 publicae
1301 2643 1561 2724 disputationes
1592 2645 1754 2708 institue-

61 2780 164 2864 bantur,
185 2784 219 2846 in
242 2783 372 2865 quibus
395 2804 465 2847 non
489 2784 601 2846 solum
625 2804 756 2865 magna
779 2782 962 2847 doctrinae
978 2782 1032 2844 vis
1048 2784 1113 2845 sed
1129 2783 1237 2845 etiam
1254 2801 1390 2844 summa
1407 2802 1491 2845 cura
1507 2803 1549 2846 ac
1566 2783 1753 2867 diligentia

61 2923 230 3000 apparebat.
275 2922 378 3003 Nam,
403 2933 441 2985 ut
464 2923 514 2985 ait
536 2923 844 3005 historiographus
868 2921 1120 3002 universitatis,
1146 2922 1263 3005 „nicht
1287 2921 1487 2986 ideenloses
1508 2924 1754 2987 Brotstudium

62 3075 111 3120 war
128 3061 177 3124 die
199 3061 382 3144 Aufgabe,
406 3064 559 3124 sondern
583 3081 622 3124 es
646 3062 722 3143 galt
746 3063 809 3124 der
831 3062 965 3124 hehren
988 3060 1254 3124 Wissenschaft
1276 3062 1330 3123 als
1354 3061 1524 3124 solcher“.

154 3202 371 3264 Adiumento
400 3210 477 3264 erat
507 3199 666 3263 discendi
698 3199 839 3280 cupidis
870 3200 1085 3263 bibliotheca
1116 3219 1246 3281 magna
1276 3200 1445 3263 librorum
1480 3200 1584 3281 copia
1618 3211 1754 3283 ornata,

61 3352 143 3400 rerum
168 3339 379 3403 naturalium
406 3350 514 3421 atque
545 3339 856 3402 instrumentorum
886 3339 1112 3422 physicorum
1145 3339 1307 3402 collectio
1339 3340 1525 3403 uberrima.
1573 3340 1753 3422 Quantum

60 3468 136 3538 fuerit
155 3479 348 3540 studiorum
373 3488 562 3560 certamen,
587 3477 747 3559 inprimis
771 3499 817 3541 ex
840 3498 972 3561 magno
996 3497 1116 3552 eorum
1143 3497 1290 3540 numero
1321 3477 1545 3561 intelligitur,
1575 3480 1636 3561 qui
1663 3480 1756 3543 intra

61 3623 166 3678 centum
195 3636 307 3679 annos
336 3620 575 3697 (roro-1718)
607 3618 741 3699 gradus
771 3617 995 3681 academicos
1025 3617 1181 3680 assecuti
1211 3626 1303 3679 sunt.
1349 3616 1441 3681 Sunt
1473 3619 1566 3681 enirn
1596 3619 1633 3682 in
1663 3621 1754 3701 albo,

63 3753 129 3825 quod
148 3764 272 3818 exacto
295 3757 362 3817 hoc
386 3756 504 3836 spatio
528 3755 678 3836 primum
701 3756 805 3818 simul
825 3767 932 3837 atque
953 3755 1112 3818 ultimum
1128 3755 1262 3818 editum
1279 3767 1334 3819 est
1351 3761 1432 3819 3862
1451 3759 1754 3839 baccalaureatus,

64 3892 120 3961 ²452
140 3894 350 3977 magisteria,
378 3914 437 3974 179
461 3896 666 3957 doctoratus
682 3895 715 3976 ¹).

157 4032 239 4096 Cum
273 4054 411 4096 summa
444 4033 586 4096 floreret
626 4034 822 4097 litterarum
860 4034 955 4096 fama
991 4034 1117 4117 „Alma
1151 4045 1265 4098 mater
1299 4035 1612 4099 Benedictinorum
1646 4033 1756 4099 Salis·

64 4159 244 4253 burgensis“‚
273 4192 407 4254 magna
437 4182 514 4235 erat
546 4173 748 4236 auditorum
780 4172 979 4235 celebritas.
1024 4172 1105 4235 Non
1139 4175 1252 4236 solum
1284 4194 1305 4235 a
1339 4174 1651 4238 Benedictinorum
1681 4175 1757 4238 fere

66 4306 188 4372 omnibus
208 4311 443 4392 monasteriis,
469 4331 559 4392 quae
583 4323 684 4374 erant
703 4312 737 4374 in
755 4311 956 4393 Germania,
973 4311 1130 4392 Austria‚
1147 4312 1331 4393 Bohemia,
1347 4313 1543 4395 Hungaria‚
1568 4314 1755 4377 sedetiam

68 4438 175 4510 aliorum
202 4450 363 4514 ordinum
396 4450 529 4530 clerici,
560 4460 598 4513 ut
622 4451 917 4532 Augustinorum,
948 4449 1252 4532 Cisterciensium,
1276 4452 1690 4534 Praemonstratensium,
1721 4454 1757 4516 in

70 4573 132 4644 hanc
149 4600 383 4653 convenerunt
405 4590 684 4654 universitatem.
722 4591 876 4673 Magnus
900 4591 1007 4653 etiam
1031 4591 1201 4654 nobilium
1226 4604 1303 4654 erat
1326 4610 1507 4670 numerus,
1535 4610 1601 4652 nec
1632 4593 1760 4654 desunt

72 4708 95 4772 1¹¹
110 4727 278 4791 matriculis
294 4729 520 4810 theologicae
537 4739 572 4792 et
588 4729 758 4792 iuridicae
783 4730 962 4792 facultatis
978 4730 1119 4793 nomina
1136 4730 1383 4810 illustrissima,
1405 4737 1444 4792 ut
1460 4731 1613 4811 Attems,
1627 4732 1760 4794 Auers-

10 4858 13 5001 ἱ
74 4864 143 4937 pag,
162 4864 359 4950 Batthyani,
384 4869 549 4950 Brandis,
573 4869 775 4951 Bissingen,
801 4868 964 4950 Cobenzl,
994 4869 1141 4952 Colalt0,
1166 4869 1362 4950 Collored0,
1386 4866 1562 4949 Coronini,
1586 4868 1760 4933 Dietrich·

10 5038 12 5047 ι
79 4990 337 5024 x*—

10 5146 13 5199 ,
188 5102 206 5182 ¹)
229 5106 370 5180 Longum
395 5119 450 5172 est,
475 5125 652 5164 enumcrare
676 5128 778 5164 eorum
805 5111 934 5175 nomina,
959 5110 1009 5182 qui
1034 5108 1199 5163 litterarum
1225 5107 1302 5162 fama
1318 5109 1495 5164 enituerant.
1528 5109 1759 5165 Emonasteriis

79 5211 216 5272 exetasmos
239 5220 357 5294 imperii
382 5217 533 5275 Austriaci
557 5221 622 5276 sitis
647 5222 674 5276 hi
693 5234 794 5277 erant:
819 5220 1010 5277 Coelestinus
1033 5218 1186 5276 Sfondrati
1210 5217 1430 5293 Sangallensis.
1459 5221 1509 5294 qui
1534 5234 1641 5295 postea
1664 5223 1761 5278 cardi-

79 5310 309 5395 talonensem,
334 5331 506 5388 Bernardus
529 5330 648 5400 Stuart‚
677 5352 701 5388 s.
727 5330 830 5389 Iacobi
855 5330 1098 5400 Ratisbonensis,
1122 5333 1169 5387 vir
1190 5333 1220 5387 in
1243 5329 1334 5388 rebus
1357 5333 1573 5389 mathematicis
1604 5347 1633 5389 et
1663 5336 1761 5391 archi·

83 5430 197 5494 tectonicis
218 5443 427 5516 peritissimus,
451 5440 652 5499 Corbinianus
676 5445 811 5501 Thomas
835 5444 1055 5517 Elchingensis‚
1079 5444 1137 5500 alii.
