4088 6270
861 491 1145 561 -409-

214 677 282 735 VII.
296 677 498 734 Adsertiones
514 697 551 734 ex
568 678 793 753 metaphysicae
810 690 895 754 parte
911 698 960 735 se-

139 781 225 838 :unda
246 795 277 838 et
297 784 395 849 tertia,
416 800 470 837 seu
490 781 679 855 cosmologia
700 796 730 838 et
751 784 960 857 psychologia.

139 884 250 960 ityrae‚
267 886 436 953 Menhardt‚
459 900 549 959 1755.
568 891 611 958 4⁰.
626 883 643 943 8
661 905 690 962 p.

216 990 299 1047 VIII.
317 991 487 1047 Positioues
504 990 695 1065 theologicae
712 990 749 1046 de
765 992 961 1046 sacramentis

139 1112 154 1150 u
170 1113 288 1169 genere
304 1108 335 1151 et
348 1094 385 1151 de
397 1093 549 1171 baptismo
566 1109 597 1151 et
609 1094 835 1151 confirmatione
849 1096 878 1149 In
891 1113 961 1170 spe-

139 1201 182 1254 ie.
208 1197 332 1273 Styrae,
348 1199 516 1254 Menhardt.
538 1197 628 1271 1760.
646 1205 688 1270 4⁰.
707 1196 725 1254 8
743 1217 772 1273 p.

215 1303 269 1358 IX.
293 1303 466 1359 Positiones
491 1303 684 1376 theologicae
707 1302 744 1358 de
769 1316 960 1358 sacramento

139 1408 345 1474 toenitentiae‚
367 1420 501 1463 extrema
518 1409 669 1473 unctione,
691 1407 796 1462 ordine
812 1419 843 1462 et
858 1409 960 1462 matri·

139 1513 230 1568 nonio
248 1524 305 1567 etc.
323 1509 443 1586 Styrae,
459 1510 629 1566 Menhardt.
652 1507 741 1584 1761.
760 1516 801 1582 4⁰.
820 1509 838 1567 8
856 1530 885 1586 p.

215 1617 254 1671 X.
275 1615 447 1670 Positiones
467 1633 505 1670 ex
526 1615 751 1691 prolegomenis
776 1614 959 1688 theologiae,

139 1739 163 1776 :x
181 1739 207 1775 s.
226 1717 364 1794 patribus
377 1732 407 1774 et
419 1719 567 1794 polemica
583 1734 641 1775 etc.
659 1716 779 1794 Styrae,
792 1717 959 1774 hlenhardt.

148 1820 224 1896 762.
243 1829 287 1895 4⁰.
306 1822 324 1879 8
342 1841 371 1898 p.

214 1941 635 2023 Manuscriptaeiusdem
650 1948 794 2002 exstant
810 1959 960 2020 sequen-

139 2063 193 2125 ia:

214 2189 269 2245 XI.
287 2188 478 2262 Theologica
494 2190 607 2263 scripta
624 2187 661 2243 de
675 2188 742 2242 Deo
755 2206 814 2243 uno
828 2201 858 2243 et
870 2189 958 2243 trino.

139 2298 167 2348 .⁰.
187 2307 250 2366 275
269 2313 299 2368 p.
317 2291 402 2366 Sign.
419 2295 456 2348 X.
475 2307 524 2364 24.

213 2397 282 2452 XII.
295 2397 325 2452 T
327 2397 487 2470 heologica
504 2397 618 2470 scripta
634 2396 671 2451 de
683 2397 782 2470 gratia
795 2396 852 2451 Dei
869 2408 900 2451 et
916 2397 959 2450 in-

140 2502 305 2556 arnatione
322 2502 359 2557 D.
377 2502 412 2557 N.
430 2502 451 2557 Ι.
470 2501 523 2557 Ch.
549 2507 591 2573 4⁰.
620 2500 679 2555 160
696 2520 725 2576 p.
750 2498 835 2574 Sign.
852 2501 889 2554 X.
909 2514 924 2553 2
929 2513 958 2570 5.

213 2605 296 2660 XIII.
315 2605 507 2678 Theologiae
519 2604 737 2679 prolegomena
750 2616 779 2658 et
792 2600 959 2658 1102οῑ111115

139 2711 273 2766 omanis.
291 2715 333 2781 4⁰.
355 2708 411 2780 183
431 2729 460 2784 p.
478 2708 563 2783 Sign.
581 2710 617 2763 X.
638 2706 687 2763 26.

213 2814 294 2870 XIV.
307 2815 436 2870 Fructus
446 2833 484 2869 ex
494 2814 624 2869 lectione
633 2812 789 2887 spirituali.
800 2817 842 2884 4⁰.
856 2826 917 2884 274
927 2831 957 2887 p.

139 2916 212 2991 iign.
230 2919 268 2973 X.
287 2932 338 2990 27.

214 3024 281 3079 XV.
309 3022 522 3078 Meditationes
552 3036 582 3078 et
609 3022 752 3078 exercitia
780 3020 956 3096 spiritualia.

139 3140 309 3199 :743—72.
327 3133 370 3199 40.
387 3142 448 3198 322
467 3146 497 3202 p.
515 3126 598 3201 Sign.
616 3129 652 3182 X.
672 3125 721 3182 28.

216 3256 428 3330 Schirmer
445 3267 688 3329 Leonardus
702 3264 957 3346 (6011110011-

139 3381 209 3464 115),
218 3384 275 3446 1110
286 3405 314 3446 2.
325 3385 412 3446 1)εο.
427 3404 507 3462 1710
520 3384 722 3446 Florentiae
736 3385 770 3445 in
783 3383 887 3446 Italia
899 3404 957 3445 na·

139 3515 187 3567 tus
203 3516 237 3569 et
254 3507 419 3569 absoluta
436 3527 570 3578 summa
591 3525 669 3568 cum
686 3506 790 3567 laude
812 3505 847 3566 in
863 3505 956 3567 univ.

140 3624 323 3691 Viennensi
347 3629 514 3691 universa
537 3627 762 3709 philosophia
786 3648 812 3689 s.
833 3627 957 3688 habitu

142 3743 285 3813 Gottvici
302 3753 446 3813 indutus
463 3761 548 3811 1012
564 3750 746 3811 sollemnia
764 3750 879 3812 emisit
900 3749 956 3810 die

140 3871 165 3929 5.
181 3874 269 3954 Aug.
296 3879 642 3953 17300111001117512
667 3874 712 3933 ad
736 3891 832 3932 aram
857 3871 956 3933 stetit

139 3989 191 4053 die
206 3998 232 4057 8.
248 3995 336 4056 Nor.
358 3998 450 4071 1735.
474 3993 607 4054 Postea
624 3992 784 4072 pluribus
801 3993 836 4054 in
853 4011 956 4073 paro-

139 4111 219 4175 :hiis
233 4116 469 4178 zelosissimus
486 4125 618 4196 pastor,
640 4115 802 4195 repetitis
818 4114 956 4177 vicibus

139 4232 293 4300 tbbatiae
318 4236 598 4301 Szalavariensis
623 4238 658 4299 in
682 4238 866 4320 Hungaria
895 4239 956 4299 ad-

139 4353 351 4437 ninistrator,
368 4359 611 4421 missionarius
628 4361 662 4421 in
676 4359 866 4441 Carinthia‚
880 4368 956 4421 tan·

139 4469 213 4539 lem
226 4481 348 4562 elapso
364 4481 412 4542 ibi
430 4481 671 4563 quinquennio
689 4490 877 4543 revocatus
893 4502 949 4562 pa·

139 4601 267 4665 ochiae
285 4605 320 4665 in
335 4604 492 4667 Rossatz
509 4614 564 4666 est
580 4602 793 4684 praefectus
816 4603 877 4665 ubi
898 4603 954 4664 die

143 4733 185 4788 9·
202 4725 289 4809 Aug.
312 4738 391 4805 1709
408 4727 444 4788 in
460 4726 613 4787 Domino
630 4725 853 4788 obdormivit.

217 4852 331 4928 Opera,
356 4871 435 4926 quae
461 4854 488 4907 in
515 4853 725 4926 manuscriptis
748 4855 859 4908 nostris
883 4871 955 4908 con·

139 4953 283 5013 ἒ11121011
301 4960 357 5013 iam
371 4957 452 5012 edita
465 4969 700 5031 cognoscuntur,
717 4955 846 5011 indicata
863 4971 893 5012 et
909 4976 955 5013 re·

139 5058 239 5133 cripta
255 5081 310 5137 per
327 5063 359 5118 P.
377 5061 569 5118 Leonardum
587 5060 740 5116 Schirmer
757 5060 835 5135 prof.
849 5060 954 5117 Gottv.

163 5168 234 5221 tom.
251 5168 330 5222 hlan.
349 5169 378 5222 in
393 5164 466 5221 bibl.
484 5165 589 5220 Gottv.
607 5164 725 5220 adserr.
743 5167 799 5220 No.
818 5163 889 5237 963.

214 5293 472 5368 Schleichert
494 5305 738 5368 Bonifacius
762 5306 955 5386 (Bievno-

139 5419 551 5505 'eno-Braunensis),
583 5426 629 5486 ab
661 5424 807 5486 Auscha
838 5424 961 5511 Βο110-ι

999 688 1002 743 Ι
1040 675 1142 739 miae.
1170 675 1285 739 Natus
1313 676 1370 738 die
1403 681 1449 738 15.
1474 678 1560 739 Dec.
1590 697 1671 757 1740
1697 697 1762 759 per
1787 688 1873 742 vota

1040 799 1224 860 sollemnia
1233 798 1312 861 Deo
1325 817 1405 860 sese
1415 797 1609 861 Bievnovii
1622 800 1802 863 dedicavit
1814 801 1871 863 die

1041 924 1070 982 8.
1094 920 1184 982 Nov.
1212 924 1303 1002 1761,
1328 920 1458 1001 dieque
1486 940 1513 999 7.
1538 918 1616 983 Oct.
1648 927 1726 1000 1707
1756 941 1872 984 52001-

1041 1042 1139 1104 dotio
1155 1042 1286 1104 initiari
1303 1042 1464 1104 obtinuit.
1490 1041 1547 1106 Ob
1563 1043 1748 1125 egregium
1765 1043 1800 1106 in
1816 1044 1872 1106 lit-

1040 1163 1126 1225 teris
1143 1163 1340 1245 profectum
1357 1183 1440 1225 mox
1456 1165 1672 1246 theologiam
1696 1165 1731 1226 in
1752 1185 1872 1227 mona-

1041 1286 1149 1349 sterio
1166 1289 1294 1349 docere
1316 1288 1432 1348 iussus
1453 1287 1560 1367 paulo
1583 1297 1666 1368 post
1690 1286 1872 1368 professor

1039 1407 1208 1470 historiae
1224 1407 1416 1470 litterariae
1434 1415 1470 1469 et
1485 1408 1709 1489 patrologiae
1726 1409 1762 1470 in
1775 1408 1870 1471 univ.

1039 1530 1207 1610 Pragena
1231 1529 1413 1592 institutus
1441 1538 1510 1602 est;
1536 1541 1762 1610 praematura
1785 1550 1871 1593 vero

1040 1662 1153 1713 morte
1170 1671 1262 1713 anno
1279 1651 1347 1713 iam
1362 1671 1442 1730 1790
1455 1651 1512 1712 die
1527 1671 1554 1728 7.
1564 1650 1668 1714 Febr.
1684 1652 1756 1714 suis
1770 1672 1871 1734 erep-

1040 1784 1098 1837 tus
1116 1784 1151 1835 et
1167 1773 1305 1836 litteris.

1126 1910 1268 1993 Scripta
1286 1912 1400 1974 edidit
1416 1913 1524 1975 haec:

1126 2056 1148 2111 1.
1167 2056 1374 2111 Institutiones
1391 2055 1582 2130 patrologiae
1598 2056 1636 2111 ad
1650 2060 1868 2133 praescriptum

1040 2159 1262 2215 reformationis
1278 2159 1532 2226 Vindobonensis,
1559 2160 1662 2217 usibus
1686 2160 1867 2219 academicis

1039 2263 1295 2319 accommodatae.
1313 2264 1382 2320 Vol.
1399 2279 1425 2318 1.
1443 2261 1485 2319 8⁰.
1503 2262 1567 2334 380
1580 2283 1609 2339 p.
1627 2266 1754 2338 Pragae,
1776 2281 1867 2340 1777,

1039 2382 1126 2423 sumt.
1145 2388 1171 2424 c.
1189 2388 1213 2424 r.
1230 2367 1354 2424 scholae
1371 2368 1523 2424 normalis.

1126 2491 1162 2546 II.
1186 2491 1393 2545 Institutiones
1410 2491 1554 2546 historiae
1571 2490 1733 2547 litterariae
1751 2493 1868 2548 theolo-

1039 2596 1108 2667 giae
1131 2594 1168 2649 ad
1192 2612 1327 2649 normam
1344 2592 1608 2651 Vindobonensem
1633 2593 1737 2652 usibus
1761 2597 1869 2652 acade-

1038 2698 1122 2753 micis
1139 2698 1393 2754 accommodatae.
1419 2697 1485 2754 Vol.
1508 2712 1533 2754 1.
1559 2697 1600 2754 80.
1625 2712 1685 2770 303
1710 2719 1739 2774 p.
1764 2699 1868 2755 Altera

1033 2785 1104 2858 'vice
1120 2803 1190 2859 edit.
1208 2804 1325 2875 Pragae
1341 2804 1454 2858 veteris
1474 2801 1555 2877 apud
1572 2803 1595 2857 F
1598 2821 1679 2859 rane.
1697 2801 1867 2860 Gerzabek.

1043 2905 1133 2979 1783.

1125 3010 1178 3066 III.
1203 3009 1375 3083 'l‘heologia
1398 3010 1592 3085 apologetica
1616 3010 1765 3067 ecclesiae
1790 3012 1867 3069 chri-

1038 3116 1153 3170 stianae
1169 3114 1501 3180 Romano-catholicae,
1523 3114 1670 3170 adversus
1687 3115 1867 3182 incredulos,

1037 3221 1285 3294 recentioresque
1299 3220 1529 3275 christianorum
1543 3233 1653 3276 sectas.
1679 3221 1753 3275 Pars
1767 3222 1867 3294 isago-

1037 3327 1116 3399 gica.
1141 3325 1259 3397 Pragae
1276 3326 1387 3380 veteris
1399 3322 1606 3379 caracteribus
1619 3322 1866 3382 Gerzabekianis

1042 3428 1132 3502 1785.
1150 3429 1239 3483 Tom.
1262 3442 1286 3483 1.
1305 3426 1346 3483 8⁰.
1370 3442 1427 3499 104
1445 3447 1472 3502 p.

1124 3591 1416 3685 Schliiglhofer
1437 3603 1677 3664 Edmundus
1694 3603 1867 3684 (Seiten-

1037 3719 1293 3799 stadiensis),
1318 3718 1375 3780 die
1397 3723 1425 3781 8.
1442 3719 1505 3782 Iul.
1533 3724 1613 3783 1836
1637 3719 1867 3785 Seitenstadii

1037 3851 1141 3902 natus
1166 3840 1339 3902 absolutis
1367 3842 1545 3922 gymnasii
1571 3843 1698 3905 studiis
1726 3844 1783 3905 (lie
1818 3850 1865 3908 15.

1036 3965 1132 4043 Aug.
1160 3967 1237 4024 1855
1264 3982 1291 4023 5.
1313 3962 1435 4024 habitu
1461 3963 1604 4025 indutus
1627 3964 1740 4026 tribus
1763 3967 1865 4028 annis

1036 4095 1118 4165 post
1144 4086 1270 4146 eodem
1295 4085 1352 4147 die
1374 4094 1459 4147 vota
1482 4086 1599 4147 emisit
1622 4087 1805 4149 sollemnia
1830 4100 1866 4151 et

1037 4226 1063 4269 s.
1080 4207 1283 4287 theologiae
1305 4207 1432 4268 studiis
1453 4207 1488 4268 in
1509 4208 1697 4271 seminario
1714 4207 1866 4292 Sanhip-

1036 4329 1209 4410 polytano
1227 4327 1422 4408 episcopali
1438 4329 1613 4391 absolutis
1630 4331 1687 4392 die
1707 4335 1754 4393 15.
1769 4333 1863 4414 Aug.

1040 4454 1121 4512 1860
1142 4450 1290 4531 prImam
1306 4450 1384 4510 Deo
1406 4450 1640 4532 omnipotenti
1664 4453 1791 4515 obtulit
1815 4453 1865 4515 in-

1036 4570 1391 4651 cruentamlhostiam.
1409 4570 1659 4653 Cooperatoris
1673 4593 1816 4636 munere
1829 4575 1865 4637 in

1036 4694 1204 4774 parochia
1219 4694 1405 4756 Ibsitzensi
1421 4714 1604 4775 perunum
1620 4716 1750 4758 annum
1765 4696 1865 4759 func·

1035 4827 1093 4877 tus
1110 4817 1155 4877 ad
1173 4815 1423 4903 mathematica
1443 4816 1477 4877 in
1494 4836 1522 4878 c.
1540 4836 1566 4880 r.
1583 4818 1771 4898 gymnasio
1788 4817 1864 4880 Sei·

1035 4938 1268 4999 tenstadiensi
1293 4939 1454 5000 docenda
1475 4948 1529 4999 est
1545 4949 1704 5020 vocatus
1730 4939 1858 5001 deinde

1036 5079 1156 5122 mense
1174 5058 1253 5123 Oct.
1272 5064 1350 5121 1862
1369 5061 1404 5120 in
1420 5060 1513 5121 univ.
1527 5060 1682 5123 Vindob.
1698 5062 1744 5121 ad
1759 5081 1862 5141 prae-

1035 5181 1206 5242 lectiones
1238 5182 1505 5243 mathematicas
1537 5182 1733 5243 audiendas
1763 5183 1862 5261 abiit,

1034 5303 1154 5384 ibique
1168 5305 1257 5364 duos
1269 5322 1381 5364 annos
1391 5313 1627 5366 commoratus
1640 5303 1862 5366 examinibus

1033 5426 1202 5507 rigorosis
1230 5445 1307 5487 cum
1335 5425 1440 5488 laude
1464 5426 1633 5506 perfectis
1663 5428 1708 5488 ad
1736 5449 1862 5491 munus

1605 5543 1636 5594 52
