4034 6262
648 513 904 582 „23-

124 703 146 759 A
168 703 401 779 megtesteslile's
423 703 506 760 titka.
528 701 602 780 (1.1.
623 704 737 778 Myste-

124 804 230 885 ionis.)
256 807 346 865 1868.
364 808 401 864 ΙΙ.
419 821 544 880 49—52
564 826 592 863 n.
615 806 648 880 h)
664 805 737 863 Sola

124 928 158 985 o.
176 912 199 969 l.
217 911 341 985 46-51
361 931 389 969 n.
413 913 438 985 ι’)
453 911 546 967 Ismet
557 930 575 966 a
587 910 661 968 Sola
676 911 736 967 sal·

124 1017 144 1073 I.
162 1016 290 1089 34-38
304 1036 331 1073 n.
348 1017 379 1090 ly
390 1015 490 1073 Csuda
503 1017 536 1072 es
550 1016 735 1091 tetemenyes

124 1122 294 1178 iliraculum
308 1135 338 1178 et
350 1122 457 1196 reIIgio
470 1118 623 1199 positiva.)
644 1119 734 1194 1871.

124 1224 214 1299 1872.
231 1227 253 1282 I.
271 1240 373 1298 5—11
394 1245 422 1282 n.

123 1338 187 1394 hdzi
204 1337 314 1395 beszed
330 1337 462 1414 Borbcily
479 1339 591 1395 Kornel
609 1338 735 1394 Kalman

124 1443 308 1518 e-aldozatja
335 1444 521 1500 alkalma'tval.
549 1441 579 1522 (i.
601 1463 627 1501 e.
657 1446 734 1500 Ora·

124 1566 167 1604 me
184 1549 298 1623 primae
315 1550 425 1604 missae
437 1549 568 1604 Cornelii
582 1547 735 1628 Borbely.)

124 1652 245 1708 aristdk.
268 1651 357 1725 1858.
375 1653 416 1710 8⁰.
439 1669 473 1727 15
492 1674 521 1730 p.

124 1765 211 1841 yhitzi
243 1765 354 1822 beszed
382 1787 400 1822 a
427 1787 468 1824 sz.
497 1767 736 1824 Laszldta'trsulat

124 1889 137 1925 1
158 1870 355 1946 net'ilnnepen
376 1871 466 1945 1870.
481 1871 531 1946 jul.
549 1871 633 1944 3·an.
657 1869 687 1950 (i.
709 1892 735 1929 e.

139 1973 189 2031 die
212 1977 330 2050 patroni
355 1978 510 2033 societatis
534 1996 558 2033 s,
581 1974 736 2055 Ladislai.)

124 2079 174 2154 tdy
186 2078 461 2154 Maryasl-intezer.
483 2080 573 2153 1870.
591 2081 633 2138 8⁰.
656 2095 690 2154 15
706 2101 735 2158 p.

124 2203 207 2258 :mics
223 2200 329 2258 Izidor.
352 2201 381 2279 (i.
403 2222 429 2259 e.
446 2203 515 2260 Vita
531 2203 638 2259 Isidori
655 2202 736 2260 Guz-

124 2305 217 2381 ffhizi
235 2306 335 2382 lapok.
358 2306 448 2363 1868.
471 2322 503 2363 11
525 2322 554 2363 et
575 2323 610 2363 12
630 2307 703 2365 fasc.

124 2428 292 2502 zereszte'ny
317 2428 411 2483 vallas
439 2430 525 2484 isteni
554 2430 677 2487 eredete
704 2431 737 2487 es

124 2530 292 2587 ltakorunk
302 2531 651 2606 tevelyeivelszemkdzt.
666 2533 695 2613 (i.
710 2556 737 2592 e.

125 2637 236 2710 igionis
249 2636 351 2693 christ.
361 2639 480 2711 origine
493 2640 619 2714 eiusque
631 2658 738 2696 neces·

124 2759 139 2796 e
166 2758 302 2796 errorum
331 2743 438 2797 aetatis
469 2741 614 2822 nostrae.)
644 2742 738 2801 Liber

124 2843 262 2900 raithiano
277 2860 410 2902 ornatus
425 2846 588 2923 Budapest.
599 2849 737 2925 Hunyadi

124 2962 158 3005 et.
177 2948 267 3022 1875.
281 2949 323 3005 80.
337 2949 399 3024 576
412 2970 441 3026 p.
460 2951 515 3008 Ed.
531 2968 559 3009 2.

125 3073 198 3147 ipsit
221 3071 351 3146 (lenique
376 3072 413 3128 de
433 3073 568 3149 plurimis
592 3073 684 3133 rebus
709 3078 738 3132 in

124 3196 142 3231 a
157 3177 315 3232 societatis
331 3196 355 3232 s.
373 3177 529 3252 Stephani.

124 3399 131 3445 1
160 3385 411 3449 Ambrosius
437 3389 553 3470 (Abb.
578 3388 738 3454 Muren-

124 3504 282 3586 :nsingen
306 3504 342 3567 in
362 3505 530 3571 Helvetia
554 3519 658 3572 natus
680 3511 737 3574 die

124 3630 195 3707 768,
223 3627 406 3690 sollemnia
434 3630 551 3693 emisit
574 3643 658 3695 vota
680 3633 737 3696 die

124 3768 171 3827 '91
199 3759 236 3811 et
259 3751 433 3813 absolutis
460 3753 495 3814 in
522 3756 738 3819 monasterio

124 3871 293 3934 erdotium
305 3873 407 3936 inivit
420 3875 477 3937 die
495 3881 541 3940 13.
555 3877 627 3942 Ian.
646 3883 736 3959 1793.

129 3993 300 4076 egregiae
316 3995 445 4059 indolis
466 4009 502 4060 et
521 3998 556 4061 in
580 3999 737 4064 scientiis

124 4126 205 4178 atus
238 4137 321 4180 mox
353 4139 497 4183 munera
524 4122 737 4204 professoris

124 4258 156 4301 te
187 4249 224 4301 et
259 4241 476 4325 theologiae,
512 4244 594 4307 dein
630 4247 737 4310 etiam

124 4360 170 4423 rii
187 4371 223 4423 et
235 4363 423 4426 archivarii
436 4366 605 4448 suscepit.
625 4367 736 4432 Refe-

124 4492 218 4545 utum
233 4503 348 4565 paene
358 4486 555 4569 Vergilium
568 4491 737 4554 memoria

124 4605 247 4667 'amam
265 4607 495 4689 praecipuam
511 4612 578 4674 sibi
595 4633 737 4697 compa-

125 4727 276 4811 insignis
304 4743 424 4793 orator
450 4752 561 4798 sacer.
594 4735 737 4799 Mortuo

124 4849 237 4932 {gorio
258 4852 364 4914 Koch
388 4873 574 4918 successor
594 4857 738 4940 eligitur

124 4982 159 5036 :t.
195 4976 286 5036 1816.
325 4974 514 5039 Praeclare
542 4977 737 5059 spiritalem

124 5094 200 5156 ,lem
223 5093 318 5157 rexit
338 5098 603 5180 rempublicam,
635 5100 738 5163 disci-

124 5215 266 5281 asticae
287 5221 485 5282 servandae
508 5220 738 5305 vigilantissi-

124 5388 127 5403 .
157 5359 244 5402 vero
271 5341 497 5424 Argoviense
527 5342 738 5426 gubernium

145 5463 184 5526 in
208 5462 343 5525 ditione
365 5483 429 5526 sua
450 5465 570 5546 posita
594 5466 738 5528 abolere

816 698 1018 778 meditatur,
1042 699 1165 777 abbaS,
1191 716 1235 759 ne
1256 696 1374 759 omnia
1394 697 1584 778 amitteret,
1611 696 1647 760 in

816 818 1026 883 coenobium
1039 817 1246 900 Engelberg
1261 838 1300 880 se
1316 819 1504 900 subtraxit,
1520 818 1557 881 in
1574 838 1645 901 quo

816 940 1005 1003 defunctus
1029 949 1084 1003 est
1107 939 1164 1002 die
1190 943 1218 1003 5.
1238 939 1328 1005 Νον.
1354 944 1443 1004 1838.
1484 940 1647 1021 Reliquit

819 1061 1015 1145 permultos
1036 1081 1157 1124 sacros
1180 1081 1360 1124 sermones
1380 1072 1453 1124 tam
1473 1062 1509 1125 in
1525 1082 1646 1125 mona-

815 1183 924 1247 sterio
949 1203 1054 1265 quam
1082 1184 1118 1246 in
1141 1183 1249 1245 variis
1276 1181 1355 1245 aliis
1382 1183 1469 1246 locis
1493 1183 1646 1265 habitos

816 1325 963 1388 quorum
983 1306 1120 1387 aliquot
1140 1304 1236 1367 misit
1253 1306 1298 1367 ad
1317 1304 1485 1367 Ioannem
1507 1306 1648 1387 episco-

815 1449 899 1510 pum
918 1428 1022 1492 Evar.
1042 1426 1298 1510 Rottenburgi,
1327 1427 1386 1508 qui
1407 1427 1464 1489 die
1489 1431 1536 1490 18.
1558 1428 1645 1491 Dec.

820 1554 901 1628 1824
917 1550 952 1612 in
963 1549 1092 1613 litteris
1105 1550 1150 1612 ad
1164 1569 1243 1611 eum
1258 1548 1350 1611 datis
1364 1549 1489 1612 dehoc
1502 1551 1646 1612 thesau-

816 1693 855 1736 ro
872 1673 928 1735 sib
944 1672 1237 1755 icongratulatur.
1262 1670 1464 1753 Supersunt
1479 1672 1609 1734 adhuc:

903 1795 1069 1854 Sermones
1090 1811 1149 1870 150
1170 1799 1199 1852 in
1221 1797 1322 1871 lingua
1337 1797 1499 1853 vernacula
1518 1797 1556 1852 ad
1574 1816 1647 1853 con-

816 1915 953 1969 ventum,
978 1903 1124 1968 novitios,
1146 1899 1364 1976 neoprofessos
1385 1914 1415 1956 et
1434 1900 1472 1956 ad
1494 1900 1647 1976 populum.

817 2013 859 2080 4⁰.
877 2008 910 2062 In
926 2005 998 2079 bibl.
1016 2004 1220 2062 Mum-Gries.
1243 2003 1310 2061 cod.
1337 2020 1362 2061 1.
1389 2018 1457 2078 107,
1484 2004 1551 2071 108,
1578 2020 1647 2077 109.

903 2167 1039 2241 Bloch
1062 2177 1304 2240 Meinradus
1330 2176 1575 2260 (Murensis),
1596 2179 1650 2241 lu-

818 2317 896 2361 cem
909 2294 1078 2377 adspexit
1090 2294 1126 2357 in
1136 2293 1422 2357 Oberbuchsiten
1439 2294 1475 2356 in
1483 2295 1647 2378 Argovia

817 2419 1007 2482 Helvetiae
1029 2418 1087 2480 die
1112 2439 1159 2496 14.
1175 2418 1262 2482 Dec.
1284 2421 1374 2495 1762.
1405 2416 1575 2480 Ordinem
1597 2417 1649 2480 in-

818 2561 964 2626 gressus
991 2549 1027 2604 et
1053 2538 1271 2602 sollemniter
1298 2537 1482 2621 professus
1506 2549 1561 2601 est
1590 2540 1648 2603 die

819 2669 848 2728 6.
862 2664 935 2726 Ian.
953 2666 1043 2742 1783.
1066 2661 1231 2743 Expletis
1245 2659 1372 2723 studiis
1384 2659 1420 2723 in
1433 2661 1648 2724 monasterio

818 2795 1008 2868 cooptatus
1025 2794 1080 2846 est
1096 2783 1188 2847 inter
1200 2784 1407 2846 sacerdotes
1424 2782 1482 2845 die
1496 2788 1546 2847 23.
1559 2784 1648 2846 Dec.

823 2912 913 2986 1786.
942 2905 1069 2969 Curam
1091 2904 1286 2967 animarum
1308 2905 1469 2968 exercuit
1488 2904 1524 2967 in
1545 2925 1650 2986 paro·

818 3029 898 3092 chia
918 3027 1078 3092 Murensi
1102 3036 1138 3089 et
1159 3026 1370 3106 Buenzensi,
1394 3025 1524 3107 quibus
1546 3047 1650 3109 prae-

817 3150 894 3214 fuit.
915 3150 1013 3213 Intra
1028 3150 1184 3212 claustra
1199 3149 1341 3211 rediens
1358 3158 1395 3211 et
1410 3149 1576 3231 subprior
1591 3169 1650 3211 re-

817 3270 1006 3335 nunciatus
1037 3281 1198 3353 tempore
1228 3270 1382 3353 gallicae
1415 3269 1650 3333 revolutionis

818 3405 892 3457 tum
904 3393 1025 3457 verbis
1039 3403 1113 3456 tum
1126 3392 1233 3456 factis
1245 3393 1375 3455 acriter
1387 3412 1452 3475 pro
1466 3392 1649 3455 incolumi-

817 3525 893 3578 tate
909 3515 1115 3579 monasterii
1130 3515 1316 3599 pugnavit.
1343 3515 1504 3578 Tandem
1521 3534 1649 3576 munus

818 3637 1002 3701 oeconomi
1026 3637 1185 3719 suscepit
1209 3657 1322 3719 usque
1346 3638 1392 3700 ad
1416 3647 1565 3700 mortem
1590 3635 1649 3699 die

819 3765 870 3823 28.
880 3759 980 3843 Sept.
996 3764 1087 3823 1831.
1099 3759 1208 3822 Plura
1219 3758 1363 3839 reliquit
1374 3759 1507 3840 scripta
1519 3757 1649 3820 Latina

818 3893 855 3946 et
871 3882 1095 3946 Germanica.

905 4009 927 4064 1.
952 4009 1049 4065 Notae
1073 4021 1103 4064 et
1127 4005 1359 4063 observationes
1383 4007 1412 4061 in
1435 4003 1545 4060 bullam
1565 4004 1648 4060 Leo-

817 4114 863 4169 nis
884 4114 965 4170 VIII.
990 4131 1051 4190 qua
1071 4115 1331 4170 consecrationem
1354 4110 1501 4167 ecclesiae
1521 4107 1648 4164 Einsidl.

817 4217 944 4274 coelitus
960 4216 1069 4274 factam
1087 4216 1252 4273 confirmat.
1265 4249 1308 4257 —
1321 4215 1466 4290 Episcopi
1479 4226 1510 4269 et
1521 4211 1649 4269 abbates

817 4342 834 4379 e
851 4335 978 4378 monast.
995 4341 1020 4378 s.
1033 4323 1123 4378 Blasii
1135 4320 1174 4377 ad
1186 4319 1362 4396 episcopale
1373 4318 1562 4393 aliorumque
1576 4335 1648 4374 coe-

817 4425 975 4483 nobiorum
992 4429 1128 4501 regImen
1144 4427 1273 4482 evocati.
1290 4423 1354 4481 Fol.
1373 4425 1403 4479 in
1419 4423 1532 4478 archiv.
1546 4423 1648 4478 Muro-

817 4531 919 4588 Gries.
1405 4597 1406 4600 Ἴ

904 4637 942 4691 11.
964 4634 1172 4690 Adservantur
1192 4635 1221 4689 in
1245 4631 1351 4689 eodem
1378 4630 1525 4688 tabulario
1547 4631 1649 4707 plures

817 4753 965 4797 tractatus
989 4752 1021 4795 ct
1042 4736 1272 4794 dissertationes
1296 4738 1324 4792 in
1349 4736 1449 4810 lingua
1472 4736 1647 4792 vernacula:

818 4845 876 4901 Die
892 4841 1095 4916 Rechtslrage
1110 4839 1276 4897 betreflend
1292 4840 1341 4896 die
1357 4859 1426 4896 vom
1443 4840 1572 4896 Flirsten
1588 4858 1649 4896 von

817 4942 1269 5018 Hohenzollern-Sigmariugen
1282 4945 1310 4999 in
1319 4944 1418 4999 Besitz
1429 4961 1649 5018 genommenen

817 5049 1035 5109 Herrschalten
1047 5050 1141 5105 Muris
1153 5051 1183 5105 in
1196 5047 1402 5105 Deutschland
1418 5046 1448 5125 (i.
1461 5067 1487 5104 e.
1502 5048 1649 5116 Quaestio

819 5155 943 5212 iuridica
962 5154 1000 5210 de
1016 5154 1173 5228 occupatis
1190 5171 1268 5209 mon.
1290 5148 1547 5229 possessionibus)
1568 5150 1646 5223 1803

817 5258 865 5317 bis
886 5259 975 5332 1830.
991 5257 1127 5312 —Eine
1143 5256 1235 5312 kurze
1253 5255 1562 5329 Kirchengeschichte
1577 5251 1648 5333 (1.1.

818 5365 924 5421 Erevis
946 5361 1071 5418 historia
1094 5358 1180 5439 eccl.)
1203 5359 1251 5417 bis
1279 5359 1369 5434 1781.
1392 5392 1436 5402 -
1457 5360 1649 5434 Correspon·

818 5469 931 5525 denzen
952 5468 1004 5522 mit
1019 5463 1269 5523 Staatsmz'tnnern
1288 5466 1348 5524 und
1369 5465 1544 5522 Gelehrtcn.
1579 5466 1599 5520 i.
1620 5484 1648 5523 e.
