4034 6262
682 509 1167 601 ,-179-·

114 728 149 765 ι.
163 717 200 775 54
216 696 251 779 (Ι)
276 719 345 759 cum
366 702 445 778 sign.
462 699 539 780 BsK.
559 701 580 758 Ι.
602 697 629 773 β.
650 715 676 769 1,
696 698 901 759 bibliothecae

114 802 213 886 grad.
335 826 338 831 ·

159 910 228 967 Eius
249 910 524 986 correspondentia
548 927 603 967 nec
624 928 683 967 non
704 923 773 966 acta
792 909 827 967 C.
845 911 863 966 i.
881 907 899 965 6

114 1017 182 1077 hivi
197 1014 407 1072 adservantur.

160 1124 368 1200 Heisterer
387 1137 503 1201 Beda
524 1141 558 1220 (a
578 1158 605 1201 s.
627 1139 753 1202 Petro
770 1138 899 1204 Salis·

122 1253 215 1338 rgi),
231 1254 396 1318 Bavarus
412 1275 459 1319 ex
474 1257 627 1340 Palling,
643 1267 748 1321 natus
765 1262 795 1321 5.
809 1258 898 1341 Apr.

114 1379 169 1457 28,
187 1375 311 1438 studiis
327 1377 592 1441 humanioribus
608 1378 806 1463 Frisingae,
822 1379 898 1462 phi-

114 1497 260 1578 tophicis
303 1498 483 1562 Monachii
529 1500 701 1564 absolutis
743 1501 898 1564 novitius

147 1617 228 1682 Nov.
247 1623 339 1704 1860,
359 1624 551 1705 presbyter
567 1623 750 1686 ordinatus
767 1628 818 1687 31.
834 1625 897 1688 Iul.

114 1748 171 1822 b4,
185 1741 337 1804 sollemn.
351 1743 444 1805 votis
461 1744 600 1807 emissis
623 1765 673 1823 24.
692 1743 792 1828 Sept.
817 1748 896 1808 1865

114 1882 190 1925 ram
211 1864 403 1928 animarum
427 1866 462 1928 in
485 1866 670 1950 Abtenau,
698 1868 898 1950 Annaberg

122 1983 164 2046 in
178 1984 273 2049 Plain
289 1988 457 2070 suscepit.
482 1986 649 2070 Scripsit:

163 2111 181 2168 1.
204 2112 258 2169 Die
282 2110 527 2181 sabbat-Feta,
553 2114 642 2171 oder:
670 2116 821 2187 „Braucht
844 2115 898 2172 der

114 2212 211 2272 nholilr
232 2218 285 2273 mit
310 2217 364 2274 der
388 2217 616 2294 Heilighaltung
639 2218 693 2276 der
716 2218 815 2276 Sonn-
838 2220 897 2276 und

114 2317 226 2395 iertage
241 2339 275 2377 es
287 2321 425 2379 wirklich
442 2323 524 2380 nicht
540 2341 575 2379 so
592 2342 691 2397 genau
706 2344 741 2380 zu
759 2325 896 2390 nahmen,

114 2436 131 2475 e
149 2440 178 2479 es
192 2424 235 2482 die
252 2427 366 2483 Kirche
382 2424 559 2502 verlangt?“
584 2424 613 2506 (i.
631 2447 657 2485 e.
675 2426 770 2486 Sacra
786 2428 896 2487 sabba·

116 2541 135 2580 a
150 2526 183 2584 de
198 2528 401 2588 celebratione
418 2532 532 2589 dierum
549 2530 717 2611 festorum.)
738 2530 896 2609 Salzhmg,

114 2634 218 2690 lunrith.
239 2633 329 2709 1876.
347 2633 389 2692 8⁰.
407 2649 447 2709 47
465 2656 495 2712 p.

160 2735 192 2794 ll.
206 2739 444 2816 Primizpredigt‚
457 2740 600 2815 gehalten
612 2741 661 2798 bei
675 2741 729 2798 der
741 2743 830 2798 Feier
842 2742 896 2799 des

114 2848 174 2894 sten
188 2841 222 2899 hl.
238 2842 427 2920 hlessoplers
448 2844 502 2901 des
523 2845 640 2901 hochw.
658 2845 757 2902 Herrn
773 2843 896 2904 Simeon

114 2943 229 3020 utzinger
251 2965 297 3004 am
324 2963 375 3022 29.
397 2949 451 3005 Iul.
478 2947 557 3022 1877
583 2951 611 3005 in
636 2949 689 3006 der
704 2949 896 3007 Wallfahrts·

114 3046 279 3108 rebellatis
296 3052 389 3109 Plain.
407 3050 436 3130 (i.
450 3073 476 3110 e.
494 3054 602 3110 Oratio
619 3054 773 3111 sollemnis
790 3057 819 3111 in
835 3058 896 3132 pri-

114 3147 162 3208 itiis
173 3153 289 3235 habita.)
303 3155 464 3232 Salzburg,
477 3159 629 3216 Zaunrith.
647 3157 738 3233 1877.
756 3159 799 3216 8⁰.
814 3175 851 3233 23
865 3181 895 3237 p.

160 3262 444 3342 Helferstorfer
477 3280 699 3345 othmarus
727 3283 753 3346 Ι.
783 3282 895 3367 (Sco-

114 3391 228 3478 ansis),
252 3398 459 3461 monasterii
483 3399 524 3461 B.
550 3400 598 3463 M.
619 3400 663 3466 V.
691 3403 739 3464 ad
767 3400 894 3467 Scotos

114 3494 224 3572 'iennae
246 3529 288 3573 ac
312 3530 338 3573 s.
365 3509 550 3595 Stephani,
575 3514 670 3598 regis
697 3517 893 3598 apostolici,

115 3620 236 3713 elelky
252 3631 287 3695 in
304 3632 492 3716 Hungaria
507 3637 621 3700 abbas
636 3636 780 3721 LXVI,
796 3639 893 3702 vitae

114 3757 188 3811 lmen
200 3753 283 3818 adiit
299 3754 426 3818 Baden
441 3775 554 3840 prope
570 3758 747 3822 Viennam
767 3760 825 3824 die
845 3782 893 3841 19.

114 3862 234 3957 ll1810,
254 3874 404 3959 Caspari
424 3898 552 3941 nomen
572 3880 607 3942 in
627 3900 655 3944 s.
676 3882 893 3964 baptismate

114 3982 227 4068 deptus.
264 3998 428 4061 Honesto
455 4020 498 4064 ac
524 4012 733 4083 pervetusto
759 4023 893 4087 genere

114 4100 245 4202 riundus,
276 4121 485 4202 parentibus
522 4126 690 4187 utebatur
722 4126 892 4210 ruricolis,

114 4223 140 4285 ui
156 4229 286 4304 filiolum
307 4243 465 4324 optimae
487 4245 613 4308 indolis
634 4248 679 4309 ad
695 4247 892 4312 litterarum

114 4349 217 4424 lullium
243 4363 420 4428 Viennam
449 4368 642 4432 adduxere.
681 4367 893 4435 Grammati-

114 4480 152 4530 lm
176 4477 274 4564 igitur
303 4505 383 4549 cum
411 4489 676 4552 humanioribus
702 4489 830 4555 litteris
856 4492 893 4555 in

114 4609 156 4655 ·l·
178 4608 357 4687 gymnasio
389 4611 435 4671 ad
466 4608 595 4674 Scotos
630 4613 778 4696 egregio
812 4634 891 4677 cum

114 4711 222 4790 rofectu
238 4731 389 4794 edoctus
408 4750 450 4794 ac
468 4732 716 4814 philosophiae
739 4735 892 4819 discipli-

114 4824 134 4891 '¹⁸
154 4839 182 4908 ln
205 4853 297 4917 univ.
319 4852 473 4917 Vindob.
498 4855 724 4919 laudabiliter
751 4859 892 4922 absolu·

114 4957 134 5025 81
150 4970 214 5026 cum
238 4985 265 5030 s.
282 4967 322 5029 P.
340 4987 372 5029 11.
391 4966 578 5030 Benedicti
595 4969 727 5032 ordinis
744 4972 789 5033 ad
805 4969 891 5035 Sco-

114 5078 340 5151 latrocinium
367 5098 524 5173 peteret,
556 5092 626 5153 'non
651 5098 724 5153 tarn
747 5111 892 5176 suscep·

114 5204 235 5282 [squam
250 5209 506 5275 invitatus-est.
528 5211 654 5294 Itaque
671 5213 729 5276 die
746 5234 796 5279 20.
811 5214 889 5281 Oct.

114 5315 152 5385 l²8
164 5326 248 5395 iuter
262 5332 392 5397 fratres
409 5335 563 5398 novitios
580 5346 794 5421 numeratus,
810 5357 891 5420 pro-

114 5443 210 5516 ttionis
239 5464 405 5538 tempore
437 5457 578 5540 elapso,
610 5467 695 5521 vota
730 5460 890 5523 sollemni

980 696 1050 759 ritu
1072 695 1292 777 nuncupavit
1314 694 1372 757 die
1398 715 1448 758 21.
1469 694 1573 758 Mart.
1599 698 1690 757 1832.
1719 693 1810 758 Con·

980 827 1155 880 summato
1170 817 1308 880 interea
1324 835 1429 879 cursu
1445 816 1646 899 theologico
1662 816 1697 879 in
1714 817 1809 880 univ.

979 938 1144 1022 Vindob.,
1166 939 1335 1001 sacerdos
1352 947 1540 1020 cooptatus
1561 949 1616 1001 est
1637 939 1694 1002 die
1710 960 1737 1004 s,
1753 940 1809 1003 Ia·
1864 931 1865 935 ¹

979 1060 1059 1124 cobi
1080 1063 1159 1123 1833
1176 1060 1362 1141 tribusque
1378 1059 1505 1123 diebus
1518 1069 1600 1142 post
1613 1061 1671 1123 die
1684 1065 1734 1125 28.
1744 1062 1808 1125 Iul.

979 1182 1138 1245 eiusdem
1165 1182 1248 1244 anni
1278 1181 1469 1244 sacerdotii
1492 1181 1547 1245 sui
1573 1183 1746 1264 primitias
1773 1185 1809 1248 in

979 1305 1130 1368 ecclesia
1161 1305 1325 1369 asceterii
1356 1305 1560 1367 celebravit.
1591 1306 1809 1390 Neomystae

978 1427 1077 1490 varia
1092 1427 1222 1491 deinde
1235 1447 1381 1491 munera
1393 1427 1585 1510 adsignata
1596 1438 1688 1491 sunt.
1705 1429 1809 1493 Post·

979 1570 1085 1631 quam
1112 1549 1203 1613 enim
1236 1553 1402 1613 1833-35
1426 1549 1576 1612 alumnis
1604 1552 1810 1615 cantoribus

979 1671 1173 1733 educandis
1185 1658 1349 1754 praefuit,
1365 1673 1412 1734 ab
1425 1691 1518 1735 anno
1533 1676 1611 1734 1835
1626 1682 1808 1736 strenuum

978 1792 1053 1875 egit
1069 1792 1105 1855 in
1120 1794 1288 1875 parochia
1301 1793 1482 1857 claustrali
1498 1805 1658 1858 curatum
1675 1805 1711 1858 et
1728 1816 1809 1858 con·

979 1915 1205 1999 cionatorem,
1216 1917 1315 1979 cuius
1327 1917 1362 1980 in
1375 1916 1497 1998 primis
1509 1916 1597 1980 mira
1608 1917 1644 1980 in
1657 1917 1809 1981 dicendo

977 2056 1042 2119 pro
1059 2057 1086 2100 s.
1100 2037 1329 2101 concionibus
1349 2038 1509 2101 suavitas
1525 2039 1713 2102 coniuncta
1729 2060 1808 2103 cum

977 2158 1156 2241 gravitate
1179 2160 1400 2223 laudabatur.
1430 2159 1509 2241 Quo
1528 2181 1674 2224 munere
1695 2182 1808 2244 usque

936 2270 940 2355 Ι
977 2283 1023 2343 ad
1047 2282 1140 2345 diem
1168 2302 1194 2344 1.
1219 2282 1307 2364 Apr.
1334 2286 1412 2360 1842
1438 2290 1586 2364 retento,
1609 2292 1732 2365 partes
1753 2285 1807 2347 bi-

976 2402 1199 2466 bliothecarii
1222 2422 1314 2467 anno
1341 2407 1421 2466 1838
1448 2414 1635 2486 susceptas
1660 2406 1808 2488 egregie

975 2527 1090 2609 gessit
1098 2546 1211 2608 usque
1220 2528 1267 2588 ad
1276 2546 1406 2590 annum
1420 2530 1510 2588 1861.
1524 2525 1604 2608 Qua
1617 2527 1652 2590 in
1664 2528 1806 2611 provin-

977 2648 1032 2712 cia
1057 2649 1250 2711 collocatus
1270 2649 1348 2731 ipse
1371 2649 1539 2712 librorum
1560 2650 1806 2735 peritissimus,

975 2771 1110 2851 mirum,
1128 2791 1233 2853 quam
1249 2771 1341 2833 bene
1355 2772 1399 2833 de
1413 2770 1629 2834 bibliotheca
1642 2773 1807 2835 asceterii

975 2893 1152 2976 meruerit,
1177 2913 1256 2956 curn
1277 2903 1483 2976 comparata
1503 2914 1633 2977 magna
1656 2895 1807 2976 optimo-

975 3035 1051 3078 rum
1067 3015 1234 3078 librorum
1255 3015 1359 3098 copia
1382 3025 1456 3080 tum
1478 3017 1671 3100 praecipue
1695 3019 1730 3080 in
1752 3038 1807 3082 or·

975 3137 1093 3201 dinem
1110 3136 1264 3200 redactis
1276 3138 1492 3202 voluminum
1508 3139 1649 3203 milibus
1665 3141 1740 3204 fere
1753 3163 1806 3220 40.

975 3259 1075 3322 Idem
1105 3259 1287 3341 professor
1316 3261 1481 3325 classium
1511 3263 1743 3327 humanarum
1771 3264 1807 3327 in

975 3402 1004 3445 c.
1017 3403 1043 3445 r.
1060 3382 1249 3465 gymnasio
1261 3385 1308 3445 ad
1321 3381 1449 3447 Scotos
1466 3404 1545 3447 curn
1563 3385 1699 3448 interea
1711 3406 1806 3450 anno

978 3509 1057 3583 1842
1076 3504 1284 3587 designatus
1301 3516 1407 3588 esset,
1424 3507 1481 3570 die
1494 3513 1546 3569 31.
1559 3506 1633 3570 Mai
1651 3509 1806 3586 1815119-

974 3627 1127 3690 claratus
1143 3636 1198 3690 est
1213 3628 1440 3691 concionator
1461 3629 1597 3692 aulicus
1618 3649 1805 3691 summam-

974 3768 1044 3830 que
1060 3768 1105 3811 ex
1123 3768 1165 3812 eo
1178 3769 1321 3813 munere
1333 3751 1475 3813 laudem
1488 3751 1555 3813 sibi
1572 3751 1725 3833 collegit,
1742 3749 1803 3833 ita,

974 3880 1013 3934 ut
1029 3871 1086 3934 die
1104 3874 1150 3934 15.
1163 3871 1237 3934 Mai
1254 3876 1334 3950 1854
1351 3871 1526 3955 capellani
1539 3891 1680 3954 quoque
1698 3871 1804 3934 aulici

974 3993 1026 4055 tit.
1045 3993 1255 4077 dignitatem
1271 3995 1317 4058 sit
1333 3996 1495 4076 adeptus.
1512 3993 1618 4057 Domi
1631 4011 1716 4057 vero
1729 4013 1803 4056 mu·

973 4136 1040 4179 nus
1064 4118 1264 4181 addebatur
1286 4117 1436 4191 muneri;
1465 4117 1598 4199 quippe
1624 4092 1683 4198 qui
1711 4137 1803 4179 anno

972 4239 1079 4301 modo
1095 4239 1191 4302 dicto
1203 4239 1367 4322 subprior
1379 4239 1542 4302 asceterii
1556 4249 1592 4301 et
1609 4243 1689 4301 1856
1702 4259 1803 4321 gym-

972 4360 1063 4423 nasii
1089 4362 1135 4423 ad
1163 4360 1290 4424 Scotos
1317 4361 1472 4424 director
1499 4361 1709 4443 designatus
1737 4370 1801 4424 est.
1915 4350 1920 4355 ’

972 4482 1132 4546 Tandem
1152 4482 1188 4544 in
1207 4483 1425 4566 amplissimo
1441 4483 1584 4547 honoris
1602 4483 1803 4566 dignitatis·

972 4625 1041 4686 que
1050 4607 1165 4688 gradu
1175 4606 1368 4669 collocatus
1382 4616 1451 4668 est:
1465 4603 1697 4689 Sigismundo
1710 4605 1803 4669 enim

972 4729 1103 4789 abbate
1124 4726 1181 4788 die
1207 4747 1232 4791 1.
1248 4726 1352 4791 Mart.
1374 4732 1451 4790 1861
1472 4738 1622 4811 mortu0,
1647 4728 1803 4792 unanimi

971 4847 1119 4911 fratrum
1135 4867 1309 4911 consensu
1331 4849 1388 4912 die
1414 4844 1565 4933 10.'Apr.
1587 4854 1664 4913 1861
1688 4852 1802 4913 abbas

972 4970 1142 5034 canonice
1158 4972 1293 5034 electus
1309 4971 1437 5052 dieque
1455 4971 1666 5054 insequente
1682 4972 1802 5035 infulis

972 5090 1234 5174 pontificalibus
1256 5093 1440 5157 redimitus
1468 5103 1532 5157 est.
1564 5093 1610 5157 Et
1634 5095 1802 5175 quemad·

971 5215 1113 5277 modum
1134 5214 1204 5277 iam
1228 5224 1333 5278 antea
1355 5216 1517 5280 omnibus
1540 5215 1576 5279 in
1599 5215 1802 5278 muneribus

970 5337 1138 5420 gerendis
1170 5357 1391 5402 communem
1425 5347 1563 5402 tantum
1598 5337 1801 5402 monasterii

969 5459 1189 5542 fratrumque
1220 5470 1446 5543 spectaverat
1475 5461 1643 5543 salutem,
1674 5461 1724 5524 ita
1755 5462 1801 5523 ad

1537 5567 1588 5626 23*
