4088 6270
785 469 1046 532 -XLI-

50 700 86 759 de
108 695 263 776 Sexard,
287 696 321 760 b.
345 695 481 758 Mariae
505 697 550 759 de
575 694 674 778 Saar,
698 716 725 757 s.
743 693 891 778 Georgii
914 698 959 758 de
975 696 1054 776 Jak,
1079 717 1104 757 s.
1122 695 1258 758 Mariae
1282 697 1326 758 de
1343 697 1569 780 Pecswarad,
1584 718 1611 760 s.
1629 699 1782 765 Adriani

50 837 88 896 de
103 833 221 916 Scala,
245 835 280 898 b.
297 834 433 897 Mariae
454 835 498 897 de
516 835 699 897 Babolcha
707 836 740 917 ¹),
757 853 803 897 ss.
819 834 1073 915 Apostolorum
1089 833 1188 896 Petri
1205 845 1241 896 et
1258 834 1361 897 Pauli
1378 837 1422 898 de
1439 838 1572 918 KaacS,
1597 841 1629 900 b.
1646 838 1784 904 Mariae

49 976 87 1036 de
108 975 428 1056 Kolosmonostor,
456 993 483 1036 S.
508 973 630 1037 Iacobi
653 975 698 1035 de
721 972 879 1054 Lebeny,
908 993 934 1036 s.
958 973 1209 1054 Margarethae
1240 974 1285 1034 de
1313 973 1470 1056 Meszez,
1501 998 1527 1038 s.
1553 976 1713 1041 Helenae
1738 979 1783 1041 de

50 1111 213 1195 Fdldvar,
246 1115 280 1175 b.
310 1112 446 1175 Mariae
478 1112 523 1175 de
555 1110 727 1194 Szeplak,
758 1113 792 1174 b.
824 1110 960 1173 Mariae
992 1121 1028 1172 et
1058 1130 1085 1172 S.
1119 1111 1216 1173 Petri
1250 1114 1294 1175 de
1327 1111 1470 1194 Csatar,
1502 1135 1528 1176 S.
1559 1115 1705 1197 Aegidii
1738 1119 1783 1179 de

50 1250 231 1333 simighio,
256 1271 284 1316 S.
307 1251 453 1314 Martini
477 1253 522 1313 de
546 1250 758 1333 Mogyorod,
787 1270 832 1312 SS.
859 1248 1008 1312 Cosmae
1032 1260 1069 1312 et
1091 1249 1256 1312 Damiani
1275 1252 1319 1313 de
1336 1251 1496 1334 Ludany,
1521 1273 1566 1315 ss,
1584 1252 1782 1318 Salvatoris

50 1391 87 1486 de
109 1390 313 1472 Kapomak
328 1391 362 1472 ²),
386 1392 419 1453 b.
444 1389 580 1453 Mariae
605 1390 649 1451 de
673 1388 814 1467 Almad,
839 1408 866 1450 s.
890 1385 1012 1449 Iacobi
1037 1388 1081 1449 de
1105 1387 1249 1469 Eremo,
1274 1407 1319 1451 ss,
1345 1388 1601 1470 Apostolorum
1624 1393 1722 1455 Petri
1746 1406 1782 1457 et

50 1528 144 1591 Pauli
167 1531 213 1592 de
236 1529 415 1611 Tapolcsa
427 1530 463 1611 ³),
487 1547 515 1591 S.
538 1528 790 1610 Margarethae
814 1529 859 1589 de
882 1526 1037 1609 Hahdth,
1061 1547 1108 1588 ss.
1131 1527 1316 1590 Trinitatis
1341 1530 1385 1590 de
1406 1527 1536 1611 Simos,
1562 1550 1608 1593 SS.
1626 1531 1781 1613 Spiritus

53 1670 91 1731 de
111 1669 307 1750 Monostra,
330 1670 364 1730 b.
381 1667 518 1730 Mariae
542 1667 586 1728 de
609 1665 775 1747 Diimdlk,
800 1685 827 1730 S.
853 1666 965 1728 crucis
989 1668 1033 1728 de
1057 1666 1158 1728 iuxta
1182 1665 1340 1729 Granum
1354 1669 1393 1750 ⁴),
1418 1670 1452 1729 b.
1469 1669 1605 1732 Mariae
1629 1672 1674 1733 de
1691 1664 1798 1734 Pan?

54 1809 178 1889 totas),
200 1807 235 1869 b.
259 1807 396 1869 Mariae
420 1808 465 1868 de
489 1806 647 1887 Buchan,
671 1826 697 1867 S.
722 1803 871 1887 Georgii
894 1806 938 1867 de
962 1806 1059 1887 Jasd,
1083 1808 1116 1868 b.
1140 1805 1275 1868 Mariae
1300 1809 1344 1869 de
1367 1809 1491 1890 Ivany,
1515 1810 1549 1872 b.
1573 1809 1709 1873 Mariae
1733 1811 1777 1874 de

58 1947 245 2029 Zehegeny,
268 1947 304 2010 b.
327 1946 464 2008 Mariae
488 1946 532 2008 de
557 1945 691 2025 Bizere,
715 1947 749 2009 b.
773 1944 909 2007 Mariae
934 1946 978 2007 de
995 1946 1121 2024 Koios,
1146 1948 1178 2008 b.
1196 1944 1332 2007 Mariae
1349 1947 1393 2007 de
1409 1947 1782 2031 Koppan-Monostor,

60 2088 88 2148 b.
106 2085 239 2148 Mariae
262 2085 307 2146 de
332 2082 484 2165 Csanad,
510 2083 657 2146 abbatia
680 2085 725 2145 de
748 2082 908 2165 Magch.

173 2224 323 2286 Praeter
344 2223 443 2304 haec,
468 2241 560 2304 quae
577 2221 735 2284 Turcicis
759 2231 821 2283 aut
844 2220 1007 2283 civilibus
1031 2221 1134 2283 bellis
1159 2223 1277 2285 deleta
1301 2242 1380 2285 esse
1401 2223 1570 2287 historiae
1593 2224 1664 2288 fide
1688 2244 1781 2288 com-

67 2363 222 2443 probatur,
245 2361 321 2424 fere
344 2361 603 2444 quinquaginta
619 2361 691 2422 alia
708 2370 1035 2442 commemorantur,
1061 2380 1151 2442 quae
1169 2363 1311 2442 quando
1329 2382 1399 2443 qua
1414 2361 1557 2426 fortuna
1573 2365 1780 2447 interierint,

69 2500 191 2563 indicari
212 2520 283 2563 non
306 2509 428 2582 potest
441 2499 476 2580 ⁶).
520 2500 625 2562 Mons
648 2500 855 2562 Pannoniae
887 2501 964 2582 ipse
996 2500 1144 2582 imperio
1167 2500 1362 2562 Turcarum
1392 2500 1573 2564 subiectus
1596 2522 1709 2583 usque
1733 2504 1779 2565 ad

72 2657 174 2700 annum
207 2643 287 2702 1638
317 2659 339 2701 a
370 2638 670 2721 gubernatoribus
701 2638 1034 2720 administrabatur,
1070 2639 1198 2719 quibus
1234 2651 1431 2701 conventus
1466 2639 1613 2702 fratrum
1646 2642 1779 2704 deerat.

173 2778 367 2860 Postquam
390 2777 461 2840 iam
489 2782 567 2840 1633
593 2775 790 2860 Gregorius
812 2776 1019 2860 Nagyfalvy
1048 2788 1084 2840 et
1108 2779 1221 2840 abbas
1245 2776 1520 2841 Cremifanensis
1548 2780 1595 2841 ab
1622 2779 1780 2843 Antonio

74 2917 312 3000 archiepiscopo
335 2916 607 2980 Vindobonensi
630 2917 819 2998 petierunt,
843 2927 881 2980 ut
905 2918 941 2979 in
964 2919 1055 2979 hanc
1079 2916 1261 2978 abbatiam
1284 2915 1413 2978 fratres
1437 2917 1707 3001 deducerentur,
1730 2921 1777 2981 ab

75 3053 254 3134 inperatore
285 3055 531 3136 Ferdinando,
562 3074 649 3138 rege
679 3055 876 3136 apostolico
900 3055 1122 3137 Hungariae,
1153 3053 1309 3116 Mathias
1332 3053 1459 3137 Palffy,
1491 3054 1778 3119 Cisterciensium

76 3191 147 3270 prior
164 3204 306 3257 sanctae
330 3194 445 3256 crucis
468 3194 503 3255 in
527 3193 675 3255 Austria
698 3191 874 3273 inferiore,
903 3192 1168 3255 administrator
1191 3192 1397 3255 monasterii
1425 3193 1541 3256 orbati
1570 3194 1779 3277 designatus

76 3337 123 3393 est.
157 3331 219 3394 Hic
242 3332 480 3394 Vindobonae
504 3331 539 3392 in
563 3331 717 3393 oratorio
740 3329 893 3394 aedificii
909 3331 1126 3393 Mellicensis
1150 3333 1309 3394 ordinem
1334 3352 1360 3393 S.
1378 3332 1566 3395 Benedicti
1589 3333 1778 3414 amplexus

77 3477 128 3539 est;
145 3470 301 3553 Mathias,
327 3482 364 3533 ut
387 3489 457 3534 non
480 3471 593 3532 Solum
616 3469 653 3531 in
676 3469 822 3532 abbatia
846 3490 910 3532 sua
931 3478 1144 3532 conventum
1167 3469 1416 3552 religiosorum
1441 3482 1689 3554 congregaret,
1713 3475 1778 3535 sed

77 3606 155 3670 etiam
174 3610 346 3691 quaedam
374 3608 668 3673 monasteriorum
695 3609 903 3671 amissorum
934 3608 1048 3671 ordini
1071 3618 1315 3690 recuperaret,
1339 3628 1476 3671 summa
1499 3630 1579 3672 cum
1602 3610 1672 3673 fide
1696 3630 1778 3674 con-

78 3746 169 3808 tendit.
210 3748 345 3810 Eodem
379 3748 497 3810 Studio
527 3747 705 3830 Aegidius
737 3767 922 3811 successor
956 3747 1106 3829 insignis
1138 3757 1225 3811 erat.
1270 3747 1430 3809 Tandem
1463 3747 1623 3810 Gerardo
1656 3750 1779 3813 abbati

79 3879 278 3968 (1684—1689)
303 3885 462 3968 contigit,
487 3894 526 3948 ut
542 3905 652 3969 opera
667 3886 878 3968 praeprimis
895 3885 1038 3950 Ottonis
1059 3885 1201 3949 abbatis
1217 3885 1351 3966 Banzii,
1369 3885 1545 3949 Bavariae
1563 3886 1778 3968 monasterii,

79 4017 207 4086 abbatiae
230 4044 256 4087 s.
280 4022 456 4106 Stephani
480 4026 525 4087 de
548 4024 674 4108 Telky,
698 4047 725 4088 s.
749 4025 902 4089 Adriani
925 4027 970 4087 de
994 4023 1115 4105 Szala,
1147 4044 1173 4085 S.
1199 4023 1332 4086 Aniani
1363 4025 1408 4086 de
1433 4023 1546 4086 Tihan
1576 4026 1622 4086 ab
1654 4024 1779 4087 ordine

80 4165 292 4232 reciperentur.

177 4294 291 4376 Atque
315 4294 432 4377 Telky
456 4293 592 4377 Scotis,
626 4294 731 4359 Szala
764 4293 1074 4376 GottvicensibuS,
1106 4293 1220 4355 Tihan
1252 4291 1403 4372 primum
1427 4291 1779 4374 Altenburgensibus

84 4423 250 4515 Austriacis,
277 4435 324 4495 ab
353 4452 446 4495 anno
474 4438 555 4514 1716
573 4434 692 4496 Monti
715 4435 921 4497 Pannoniae
950 4434 1132 4496 adtributa
1156 4441 1247 4494 sunt.
1294 4430 1395 4493 Haec
1425 4430 1535 4512 igitur
1563 4450 1642 4493 cum
1666 4432 1778 4494 archi-

89 4553 352 4575 N—

179 4623 196 4701 ¹)
216 4627 241 4682 A
264 4627 446 4684 Mohamedo
469 4627 521 4684 IV.
545 4629 730 4703 imperatore
752 4627 887 4683 Turcico
911 4627 1051 4683 deletum.

178 4735 196 4815 ²)
216 4741 280 4796 Non
302 4754 372 4797 ante
401 4739 480 4813 1538
505 4741 628 4796 interiit.

177 4848 195 4927 ³)
215 4854 296 4909 Bello
320 4853 399 4909 civili
428 4852 507 4926 1558
531 4853 672 4909 deletum.

177 4961 195 5040 ⁴)
215 4962 369 5022 Seditione
393 4964 565 5022 Tbkdliana
588 4983 738 5022 eversum.

178 5072 197 5151 ⁵)
221 5077 296 5151 1565
323 5077 465 5134 deletum.

178 5184 420 5267 ⁶)Ce1eberrima
444 5204 546 5248 erant:
571 5189 703 5248 Abbatia
726 5209 750 5246 S.
768 5189 922 5246 benedicti
947 5188 1291 5264 QuinqueecclesiensiS‚
1316 5207 1340 5244 S.
1358 5184 1461 5243 lacobi
1478 5186 1515 5242 de
1532 5185 1644 5253 suisio,
1671 5204 1695 5242 s.
1712 5185 1774 5241 An·

88 5285 149 5350 ireae
166 5299 196 5356 de
215 5304 390 5379 vissegrad,
414 5323 439 5360 S.
464 5305 578 5362 Mariae
601 5303 639 5360 de
663 5303 762 5370 Bihar,
787 5322 812 5358 s.
830 5301 972 5376 Gregorii
990 5302 1026 5358 de
1043 5302 1184 5369 Colocza,
1209 5320 1233 5357 S.
1252 5302 1367 5357 Nicolai
1386 5301 1423 5356 de
1440 5298 1594 5364 Madocsa‚
1611 5297 1641 5355 b.
1659 5299 1773 5354 Mariae

88 5402 112 5455 ¹¹0
128 5405 238 5485 tegrini,
261 5436 284 5474 s.
309 5417 436 5491 Georgii
462 5416 500 5474 de
523 5414 655 5484 bombo,
679 5434 704 5471 S.
728 5414 847 5489 Aegidii
871 5415 909 5471 de
932 5414 1059 5488 Simigio
1084 5414 1192 5470 multae
1216 5414 1302 5469 aliae.
1335 5412 1381 5469 Cf.
1405 5413 1514 5470 Czinar
1537 5412 1555 5468 i.
1580 5432 1606 5468 c.

1543 5513 1553 5560 i
