4034 6262
876 534 1158 602 „123-

187 720 224 781 rei
238 718 382 781 familiari
396 717 569 799 subvenit,
586 738 628 781 ac
641 719 793 781 celerem
806 728 843 781 et
855 717 975 800 copio·
1055 717 1153 780 rimis
1169 717 1269 781 laicis
1285 720 1432 782 multum
1448 721 1591 803 placuit,
1608 721 1645 783 in
1661 720 1782 803 primis
1799 723 1884 802 piis-

185 862 243 903 sam
263 841 330 904 tulit
348 860 464 922 opem;
487 840 589 903 simul
612 849 724 904 totam
750 840 843 904 illius
865 841 975 904 admi·
1056 841 1166 904 simae
1189 842 1336 924 reginae
1359 843 1407 906 M.
1431 843 1636 927 Theresiae,
1665 865 1757 926 quae
1781 847 1885 928 plura

183 963 392 1026 nistrationem
407 963 459 1025 ita
474 963 660 1045 disposuit,
681 974 721 1027 ut
741 964 776 1026 in
792 972 975 1046 posterum
1014 966 1017 1109 y
1056 962 1214 1026 eiusdem
1234 965 1453 1045 exemplaria
1473 966 1508 1027 in
1528 986 1629 1028 suum
1658 978 1693 1029 et
1717 969 1884 1032 domesti-

182 1086 325 1148 eiusmodi
335 1085 527 1168 periculum
539 1085 721 1149 vitaretur.
738 1086 975 1169 Praecipuam
1056 1105 1177 1148 corum
1189 1105 1331 1148 suorum
1347 1106 1448 1149 usum
1466 1087 1534 1150 sibi
1550 1089 1782 1170 comparavit.

179 1219 276 1270 autem
289 1208 433 1290 gratiam
454 1217 491 1270 et
510 1209 797 1271 benevolentiam
819 1209 975 1273 devotis·
1140 1209 1306 1273 Abbates
1334 1220 1580 1273 antecessores
1606 1212 1652 1273 ad
1679 1213 1885 1276 monasterii

178 1328 238 1390 simi
249 1329 348 1410 patris
359 1328 427 1391 sibi
440 1330 660 1412 collegerunt
672 1330 766 1393 filiae
778 1330 814 1392 in
823 1328 974 1412 Christo,
1013 1368 1017 1419 l
1054 1340 1090 1393 et
1106 1340 1263 1393 statuum
1276 1332 1462 1395 anterioris
1475 1332 1644 1396 Austriae
1660 1338 1793 1397 tuenda
1808 1335 1885 1398 iura

176 1471 253 1533 cum,
272 1452 342 1533 ipso
361 1453 542 1534 hortante,
563 1463 774 1535 perpetuam
796 1453 974 1516 adoratio·
1013 1424 1016 1540 Ι
1055 1463 1092 1516 et
1107 1454 1253 1535 negotia
1269 1455 1496 1535 expedienda
1508 1453 1680 1519 officiales
1697 1466 1733 1519 et
1749 1457 1885 1539 capitu-

175 1594 238 1637 nem
250 1575 450 1638 sanctissimi
462 1575 586 1637 altaris
596 1575 820 1656 sacramenti,
831 1576 974 1637 saeculo
1053 1577 1147 1639 lares
1157 1596 1250 1658 suos
1260 1577 1469 1659 plerumque
1484 1577 1704 1640 cellerarium
1717 1598 1884 1660 magnum

175 1695 272 1759 XVII.
286 1717 305 1759 a
317 1697 528 1759 monialibus
544 1716 575 1759 o.
592 1716 619 1759 a.
633 1697 674 1760 B.
690 1697 726 1760 in
742 1697 975 1780 Lotharingia
1054 1698 1304 1761 Vindobonam
1320 1699 1504 1772 miserunt;
1527 1700 1694 1782 princeps
1710 1700 1886 1763 Martinus

174 1827 320 1900 coeptam,
341 1819 496 1882 unanimi
517 1839 693 1883 consensu
713 1821 749 1883 in
770 1840 809 1883 se
829 1839 975 1901 recepe·
1054 1820 1132 1901 ipse
1145 1821 1333 1903 quinquies
1346 1821 1488 1902 quidem
1501 1823 1547 1885 ad
1555 1825 1672 1886 aulam
1682 1843 1885 1886 caesaream

175 1949 250 2002 runt.
263 1941 508 2005 Adorationem
524 1943 584 2024 pie
600 1942 808 2024 auspicatae
819 1953 904 2015 sunt
917 1942 974 2004 die
1012 1962 1016 2055 p
1054 1941 1236 2023 profectus
1252 1953 1317 2024 est,
1339 1944 1408 2006 etsi
1427 1965 1498 2006 non
1519 1965 1659 2026 semper
1672 1966 1751 2008 cum
1767 1948 1884 2028 plen0,

176 2064 210 2119 ii.
231 2062 312 2145 Aug.
336 2083 411 2143 1771
439 2071 629 2145 praesente
652 2063 821 2145 principe,
846 2063 907 2144 qui
930 2065 974 2126 de
1013 2072 1016 2153 ξ
1054 2084 1233 2144 nunquam
1269 2074 1388 2128 tamen
1424 2065 1501 2128 sine
1535 2086 1707 2148 prospero
1742 2078 1884 2131 eventu.

173 2197 262 2259 opere
275 2194 338 2246 tam
354 2185 424 2265 pio,
441 2195 515 2248 tam
527 2186 606 2247 Deo
617 2194 722 2267 grato
736 2194 772 2247 et
784 2184 895 2247 sacris
906 2184 974 2247 vir·
1012 2160 1016 2271 i
1054 2185 1209 2248 Primum
1233 2187 1302 2249 iter
1319 2188 1479 2269 suscepit
1504 2208 1596 2251 anno
1622 2208 1712 2271 1771,
1737 2200 1886 2272 propter

173 2299 291 2378 ginibus
304 2307 458 2389 salutari,
475 2307 543 2369 sibi
560 2307 629 2388 ipsi
644 2316 681 2369 et
696 2292 912 2370 monialibus
923 2306 974 2370 fe·
1013 2274 1016 2307 ¹
1055 2307 1172 2370 varias
1195 2318 1279 2371 tunc
1305 2310 1396 2372 latas
1420 2311 1520 2392 leges
1545 2313 1769 2375 monasteriis
1793 2314 1884 2395 peri·

174 2421 250 2486 stivo
268 2446 419 2491 sermone
442 2430 712 2511 congratulatus
733 2440 797 2494 est.
821 2430 881 2492 Ab
904 2429 973 2492 isto
1012 2394 1015 2491 i
1054 2430 1204 2511 culosaS,
1217 2431 1253 2492 in
1266 2431 1398 2513 primis,
1412 2434 1506 2513 quod
1520 2433 1645 2496 novitii
1658 2444 1741 2496 ante
1753 2454 1884 2497 annum

172 2539 217 2602 die
235 2547 285 2611 diu
297 2560 473 2632 noctuque
489 2550 640 2633 singulis
658 2552 755 2614 horis
772 2562 875 2615 extra
892 2554 973 2615 cho·
1012 2540 1015 2621 l
1053 2552 1183 2615 aetatis
1198 2553 1411 2636 vigesimum
1427 2564 1591 2634 quartum
1607 2557 1822 2636 completum
1837 2559 1883 2619 ad

171 2679 233 2726 mm
251 2671 340 2754 duae,
361 2683 436 2736 tres
457 2674 515 2735 vel
539 2684 691 2755 quatuor
711 2675 882 2738 moniales
905 2674 973 2737 sibi
1011 2634 1014 2735 i
1052 2673 1252 2755 profitenda
1261 2694 1363 2737 sacra
1372 2684 1457 2738 vota
1466 2676 1605 2740 admitti
1617 2697 1686 2739 non
1700 2678 1882 2742 deberent.

171 2789 311 2857 continuo
330 2797 566 2858 succedentes
582 2796 617 2858 in
634 2797 787 2859 oratorio
804 2797 972 2879 precibus
1011 2776 1014 2889 Ξ
1052 2795 1097 2858 Et
1118 2795 1278 2859 inimicus
1300 2797 1525 2879 domesticus,
1545 2798 1735 2861 Marcellus
1756 2799 1883 2862 Grani-

168 2912 194 2961 et
216 2916 348 2978 canticis
372 2917 407 2979 in
430 2917 714 2981 aedificationem
735 2919 859 3000 populi
883 2920 973 2981 chri·
1011 2918 1014 3029 ,
1052 2919 1145 2999 cher,
1159 2928 1266 2980 antea
1279 2918 1499 2982 consiliarius
1512 2920 1648 2982 aulicus
1660 2921 1695 2983 in
1708 2921 1790 2983 divo
1799 2922 1883 2984 Bla-

166 3021 256 3095 stiani
267 3036 373 3101 Deum
389 3039 536 3102 laudare
552 3060 733 3122 nunquam
749 3041 971 3106 desinebant.
1011 3038 1014 3097 Ι
1052 3039 1120 3122 si0,
1142 3040 1304 3103 Viennae
1331 3042 1433 3123 plura
1460 3042 1681 3104 machinatus
1709 3044 1883 3106 adversus

165 3140 231 3220 9¹10
249 3177 326 3223 vero
346 3163 542 3244 psallentes
562 3163 598 3224 in
619 3165 725 3225 choro
747 3163 905 3246 virgines
926 3166 971 3226 ad
1011 3144 1013 3207 ἶ
1052 3163 1367 3245 congregationem
1390 3163 1609 3243 Blasianam,
1635 3165 1668 3227 in
1689 3166 1812 3247 primis
1829 3166 1882 3228 di-

160 3263 312 3344 Pietatem
326 3303 412 3365 erga
425 3284 715 3366 augustissimum
724 3286 846 3348 altaris
855 3307 971 3349 sacra-

159 3402 971 3490 melltummagisaccenderentur,omnemsuam
1010 3386 1013 3469 ss

156 3505 365 3591 devotionem
382 3548 426 3591 eo
444 3529 648 3612 dirigerent,
664 3531 875 3594 monialibus
891 3534 970 3594 bre·
1009 3620 1011 3625 Ι

152 3624 522 3714 Viariumexfacultate
531 3651 819 3716 sedisRomanae
828 3673 969 3735 novum,
1009 3660 1011 3741 ζ

1050 3284 1169 3364 ploma
1193 3284 1416 3366 imperatoris
1441 3283 1584 3349 Ottonis
1600 3287 1645 3349 II.
1670 3289 1821 3369 primum
1846 3300 1883 3353 et

1050 3407 1280 3488 praecipuum
1312 3406 1530 3469 fundationis
1562 3428 1589 3472 s.
1617 3409 1729 3472 Blasii
1756 3410 1882 3473 funda-

1050 3538 1206 3592 mentum
1223 3538 1428 3611 suspectum
1448 3531 1612 3593 reddidit.
1636 3532 1770 3595 Verum
1787 3534 1882 3615 prin-

1050 3671 1136 3734 ceps
1159 3671 1181 3712 a
1203 3652 1362 3733 piissima
1388 3652 1614 3737 imperatrice
1637 3654 1685 3716 M.
1710 3655 1881 3717 Theresia

149 3751 186 3810 ad
196 3759 446 3835 declarandum
459 3783 495 3836 et
508 3774 760 3836 dilaudandum
774 3776 839 3836 hoc
853 3775 970 3857 ipsum
1049 3774 1205 3857 benigne
1218 3784 1407 3856 susceptus
1423 3775 1585 3856 obtinuit,
1603 3786 1641 3837 ut
1654 3777 1688 3838 in
1702 3777 1784 3838 divo
1798 3777 1881 3839 Bla-

149 3867 285 3955 divinae
291 3894 434 3975 pietatis
443 3895 672 3958 inscrutabile
681 3897 887 3978 mysterium
893 3917 970 3978 per·
1008 3972 1011 3981 Ι
1050 3898 1102 3960 sio
1118 3897 1243 3960 novitii
1255 3897 1327 3959 iam
1339 3917 1431 3959 anno
1443 3898 1572 3960 aetatis
1584 3898 1753 3959 vicesimo
1765 3899 1880 3978 primo

146 3988 236 4066 bene
257 4014 460 4098 dispositum
474 4027 509 4080 et
521 4019 795 4080 adcomodatum
811 4018 967 4101 tradidit,
1049 4021 1094 4081 ad
1110 4019 1368 4101 professionem
1384 4019 1523 4083 admitti
1539 4029 1701 4101 possent;
1724 4021 1880 4100 diploma

144 4127 211 4189 ‘³¹0
239 4139 401 4202 continuo
425 4149 618 4223 uterentur,
643 4141 782 4203 omissis
806 4143 969 4204 omnibus
1008 4124 1011 4243 ,
1049 4141 1193 4206 Ottonis
1214 4141 1381 4223 Friburgi
1402 4152 1437 4203 et
1453 4140 1614 4203 Viennae
1636 4142 1878 4205 authenticum

143 4232 221 4305 aliis
237 4259 339 4323 etiam
352 4262 484 4324 domini
498 4271 534 4325 et
547 4263 692 4325 summis
701 4262 968 4327 festivitatibus.
1008 4252 1011 4325 Ῐ
1049 4264 1209 4346 agnitum
1235 4275 1272 4326 et
1295 4265 1526 4341 declaratum,
1549 4272 1585 4325 et
1607 4263 1773 4343 princeps
1798 4284 1879 4344 pre-

144 4349 364 4446 Breviarium
385 4383 482 4445 istud
498 4383 534 4445 in
550 4385 689 4446 duabus
705 4384 877 4447 columnis
893 4394 969 4446 tex·
1049 4385 1151 4448 tiosis
1171 4385 1272 4448 donis
1297 4387 1342 4447 ab
1367 4385 1592 4466 imperatrice
1615 4392 1770 4464 ornatus,
1797 4405 1879 4467 gra·

141 4482 214 4548 “¹¹¹¹
229 4493 390 4568 Latinum
402 4506 645 4568 etversionem
656 4506 903 4569 Germanicam
920 4507 970 4568 in·
1009 4490 1011 4519 ’
1049 4507 1239 4570 tiosissime
1256 4507 1422 4569 dimissus
1439 4517 1502 4570 est.
1524 4505 1726 4570 Secundum
1743 4507 1811 4570 iter
1826 4508 1893 4598 fe-¹

140 4600 287 4687 telleetu
301 4626 441 4690 facilem
457 4629 628 4702 continet;
645 4631 796 4710 putabat
808 4629 970 4692 nimirum
1050 4630 1098 4692 cit
1125 4650 1217 4692 anno
1249 4633 1340 4707 1776.
1368 4630 1534 4711 ingratus
1561 4630 1620 4691 ille
1647 4640 1683 4692 et
1710 4629 1877 4712 perfidus,

142 4717 270 4826 ahbes,
277 4748 431 4831 virgines
444 4749 542 4830 istae,
555 4750 698 4831 linguae
708 4750 857 4814 Latinae
870 4751 969 4832 igna-
1009 4736 1011 4797 f
1049 4772 1157 4833 supra
1172 4752 1373 4814 nominatus
1385 4751 1576 4814 Marcellus
1589 4749 1785 4814 Granicher
1801 4751 1877 4814 offi-

143 4853 198 4906 ias
1048 4876 1197 4939 cialibus
1220 4872 1444 4954 praesertim,
1474 4872 1533 4953 qui
1560 4873 1733 4936 reditibus
1761 4874 1877 4954 publi-

200 4898 211 4930 ›
230 4871 348 4933 maiori
365 4891 446 4934 cum
461 4871 606 4953 pietatis
621 4872 738 4936 fructu
758 4872 880 4955 lingua
901 4873 969 4935 sibi
1008 4924 1010 4975 l

146 4976 330 5088 'vernacula
350 4995 505 5077 psallere
529 5005 591 5057 aut
611 5015 753 5070 canere;
776 5015 899 5058 verum
922 4998 968 5058 ab
1007 4980 1010 5093 i
1048 4999 1098 5061 cis
1114 4994 1402 5060 administrandis
1418 4994 1664 5077 augendisque
1679 4995 1877 5076 praepositi

151 5078 214 5156 mis
231 5127 294 5178 non
309 5117 473 5198 obtinuit,
490 5117 558 5179 nisi
573 5127 612 5180 ut
628 5128 731 5180 extra
747 5119 891 5181 chorum
906 5120 968 5181 ho·
1048 5128 1162 5200 erant,
1186 5136 1395 5198 persuasum
1419 5137 1499 5180 esse
1521 5117 1644 5195 voluit,
1666 5117 1784 5178 domui
1805 5116 1876 5178 Au-

157 5221 207 5276 s³⁸
226 5239 406 5302 canonicas
427 5238 620 5301 recitantes
639 5240 804 5302 versione
820 5237 967 5303 Germa·
1047 5242 1198 5305 striacae
1215 5247 1417 5319 competere
1435 5239 1489 5302 ius
1505 5237 1695 5319 colligendi
1711 5238 1746 5300 in
1762 5237 1876 5300 tribus

162 5333 229 5411 '¹50³
251 5370 437 5425 uterentur.
469 5359 634 5424 Ceterum
661 5361 875 5423 breviarium
900 5364 966 5424 hoc
1006 5360 1009 5495 l
1047 5359 1221 5447 dynastiis
1236 5358 1426 5443 Blumegg,
1443 5359 1713 5442 Bettmaringen
1734 5368 1771 5421 et
1787 5356 1876 5422 Gut-

168 5468 242 5553 lypis
255 5482 521 5549 San-Blasianis
537 5485 747 5565 impressum
765 5503 869 5566 quam
889 5486 967 5567 plu·
1046 5486 1200 5564 tenburg
1215 5499 1296 5542 cum
1312 5493 1434 5546 monte
1447 5481 1666 5564 Beroviensi,
1684 5483 1778 5564 quod
1794 5501 1876 5561 pro-

1617 5588 1668 5635 16*
