4088 6270
759 517 802 527 -
846 479 997 542 XXVII
1040 516 1084 527 -

54 708 114 770 11111
138 706 344 789 vigilantia,
367 716 406 768 ut
430 707 539 785 (1275)
568 706 698 788 dignus
720 708 927 786 haberetur,
959 706 1020 786 qui
1042 706 1235 786 episcopus
1258 703 1480 767 Lavantinus
1511 715 1790 768 consecraretur.

55 847 175 927 Etiam,
194 847 254 927 qui
271 847 523 927 succedebant,
542 844 713 927 imprimis
728 845 946 907 Weriandus
963 846 1076 906 abbas
1092 843 1246 925 vestigia
1263 843 1338 905 61116
1354 861 1515 923 premere
1532 845 1744 906 studuerunt
1754 842 1788 922 ¹).

54 985 88 1048 In
108 984 295 1048 Carinthia
318 986 569 1047 monachorum
594 983 921 1065 salisburgensium
944 1002 1054 1064 opera
1077 982 1184 1045 etiam
1207 1002 1301 1045 nova
1324 982 1573 1064 praepositura
1597 982 1788 1066 Wietingii

55 1124 244 1187 constituta
267 1133 324 1186 est
338 1124 372 1204 ²).

179 1263 232 1326 Ut
262 1261 299 1325 in
333 1261 480 1342 reliquis
510 1261 674 1342 partibus
702 1260 908 1342 provinciae
937 1258 1219 1342 Salisburgensis
1253 1260 1302 1323 ita
1334 1260 1440 1322 etiam
1471 1261 1507 1322 in
1536 1260 1646 1323 Tiroli
1673 1262 1789 1324 Bene·

56 1400 172 1464 dictini
195 1399 316 1463 officio
339 1419 404 1462 suo
427 1409 572 1462 strenue
600 1399 858 1481 fungebantur,
890 1398 1052 1480 quamvis
1083 1399 1177 1464 vires
1209 1417 1329 1460 eorum
1361 1398 1640 1463 debilitarentur.
1685 1400 1788 1463 India

55 1542 126 1622 plus
153 1545 222 1617 450
249 1538 352 1601 6111116
379 1549 462 1619 post
489 1557 596 1618 quam
625 1537 769 1600 condita
797 1548 883 1618 erat,
916 1558 994 1615 1142
1024 1537 1060 1599 in
1089 1537 1316 1619 collegiatam
1346 1537 1598 1601 transformata
1628 1539 1720 1619 6613)
1753 1548 1789 1600 et

55 1676 274 1741 Benedictini
304 1696 332 1739 6.
362 1676 543 1739 Laurentii
572 1675 771 1740 Tridentini
805 1680 885 1739 1235
919 1675 1059 1738 circiter
1091 1677 1234 1738 domum
1261 1675 1444 1757 antiquam
1475 1677 1590 1741 ordini
1620 1698 1648 1742 s.
1676 1680 1706 1742 F
1707 1700 1787 1760 ran-

57 1818 130 1881 cisci
154 1837 272 1898 nuper
296 1827 375 1880 orto
400 1829 653 1880 concesserunt
667 1819 702 1899 4).
741 1817 860 1880 Nihilo
890 1817 1006 1880 minus
1036 1817 1199 1880 monachi
1230 1836 1321 1898 opus
1354 1837 1455 1879 suum
1486 1818 1672 1898 persecuti,
1696 1828 1787 1882 sunt.

57 1957 188 2019 11160166
211 1955 345 2019 montis
368 1974 395 2016 s.
421 1953 570 2037 Georgii
599 1976 784 2019 amoenam
813 1957 942 2018 vallem
966 1957 1111 2037 Achen,
1143 1977 1248 2037 quam
1281 1979 1359 2019 1112
1394 1956 1534 2019 circiter
1564 1959 1657 2020 dono
1688 1976 1789 2021 acce·

58 2107 184 2178 perant,
202 2096 323 2159 colere
340 2105 536 2177 coeperunt
553 2106 588 2157 et
605 2096 633 2156 F
636 2096 740 2177 iecht‚
758 2096 929 2177 oppidum
945 2115 1038 2158 nunc
1054 2097 1262 2178 opulentum
1278 2097 1312 2158 in
1330 2096 1510 2159 radicibus
1526 2095 1655 2159 montis
1672 2097 1799 2197 situm,

61 2254 168 2296 eorum
192 2234 315 2296 sudori
344 2234 517 2315 originem
546 2235 704 2315 debers).
743 2234 897 2296 Eosdem
928 2253 1014 2296 vero
1045 2233 1256 2314 disciplinae
1284 2224 1460 2315 regularis
1490 2243 1636 2296 tenaces
1666 2233 1788 2315 fuisse,

63 2374 157 2435 inulta
172 2371 352 2435 beneficia
367 2374 413 2434 ab
430 2373 610 2454 episcopis
625 2372 899 2435 Brixinensibus
915 2372 958 2435 iis
975 2372 1116 2435 conlata
1132 2375 1344 2436 documento
1361 2383 1461 2445 sunt;
1478 2383 1587 2452 atque
1604 2372 1787 2434 Conradus

65 2510 240 2591 episcopus
264 2510 495 2574 Tridentinus
522 2515 601 2572 1205
628 2511 749 2573 sedem
773 2509 824 2572 ibi
846 2511 1047 2573 conlocavit
1060 2512 1095 2592 ⁶).
1133 2511 1260 2592 Neque
1282 2511 1337 2572 his
1365 2509 1549 2573 inferiores
1581 2518 1682 2572 erant
1715 2530 1787 2572 mo-

68 2651 152 2712 nachi
173 2647 483 2728 Mariaemontani,
508 2648 672 2729 quamvis
695 2669 716 2710 a
739 2648 916 2712 tutoribus
939 2649 1098 2731 graviter
1126 2658 1344 2711 vexarentur
1371 2651 1472 2729 adeo,
1501 2661 1541 2713 ut
1562 2651 1788 2713 Hermannus

70 2790 162 2849 abbas
194 2787 411 2867 intrepidam
447 2785 690 2848 defensionem
725 2786 929 2849 monasterii
966 2793 1045 2864 1304
1082 2788 1201 2868 capite
1234 2789 1349 2850 1116161
1365 2788 1398 2868 ⁷).
1446 2786 1616 2850 Similiter
1649 2789 1786 2851 incolae

73 2926 191 3008 hagiae
214 2926 359 2988 maioris
387 2925 423 2986 in
447 2924 605 2988 colendis
635 2925 728 3007 iugis
759 2926 929 2988 montium
954 2925 1244 3008 Brigantinorum
1273 2925 1382 2988 defixi
1414 2938 1515 2990 erant
1544 2927 1666 3008 ibique
1693 2945 1787 2991 eom·

74 3065 171 3142 plures
192 3063 385 3145 parochias
407 3074 446 3126 ut
469 3064 789 3145 Alberschwende,
817 3064 1083 3144 Andelsbuche,
1108 3064 1293 3147 Lingenau
1319 3074 1401 3127 cett.
1427 3066 1661 3131 condiderunt
1675 3064 1707 3148 Β)’.

178 3203 343 3266 Exeunte
360 3221 444 3264 vero
461 3204 604 3265 saeculo
621 3203 758 3265 decimo
779 3214 906 3283 quarto
929 3205 997 3265 hoc
1021 3204 1176 3265 studium
1201 3204 1456 3284 elanquescere
1479 3214 1516 3268 et
1538 3207 1648 3270 menti
1671 3210 1788 3271 malae

77 3358 107 3400 ac
124 3360 245 3419 pravae
268 3342 386 3404 locum
410 3343 496 3404 dare
526 3342 655 3422 coepit.
702 3340 863 3406 Schisma
894 3342 1017 3422 triste,
1047 3361 1118 3422 quo
1149 3342 1288 3404 viscera
1317 3342 1491 3406 ecelesiae
1518 3344 1587 3407 Dei
1615 3346 1786 3410 dilacera-

78 3476 193 3560 bantur,
217 3489 254 3576 et
277 3479 473 3542 certamina
502 3482 645 3559 crebra,
677 3499 769 3560 quae
793 3482 839 3541 ab
868 3485 947 3558 1379
971 3490 1120 3560 propter
1143 3480 1355 3561 partitiones
1379 3491 1551 3545 terrarum
1574 3483 1667 3546 inter
1690 3485 1787 3566 prin-

80 3613 154 3695 cipes
173 3618 473 3702 Habsburgenses
497 3629 723 3700 exarserant,
752 3619 858 3681 etiam
884 3619 1222 3702 congregationibus
1246 3619 1469 3702 regularibus
1492 3620 1609 3685 fraudi
1631 3622 1784 3687 fuerunt.

82 3751 163 3816 Aliud
183 3777 323 3838 quoque
347 3756 509 3820 66666611.
551 3757 592 3818 In
616 3757 775 3837 plurimis
798 3757 1022 3820 monasteriis
1050 3757 1211 3820 fortunas
1243 3758 1406 3821 omnibus
1437 3779 1640 3824 communes
1672 3764 1785 3825 abbas

82 3900 109 3950 et
125 3895 302 3975 capitulum
325 3896 418 3959 inter
440 3915 480 3958 se
503 3897 625 3977 partiti
650 3907 750 3959 erant
777 3907 814 3959 et
842 3898 936 3959 haud
966 3897 1073 3980 pauci
1102 3900 1254 3960 abbates
1284 3918 1354 3960 non
1386 3899 1689 3989 administratores
1721 3902 1784 3962 sed

82 4027 208 4096 dominos
240 4055 359 4098 rerum
389 4055 428 4098 se
464 4055 543 4098 esse
578 4036 826 4117 opinabantur.
873 4034 1024 4099 Comitia
1063 4037 1213 4118 ordinis,
1249 4038 1284 4099 in
1322 4037 1469 4120 synodis
1506 4039 1783 4119 provincialibus

82 4162 383 4256 Salisburgensibus
405 4174 513 4238 etiam
537 4185 645 4256 atque
674 4174 782 4238 etiam
805 4177 1068 4256 commendata,
1101 4184 1138 4238 et
1168 4175 1393 4238 visitationes
1423 4177 1716 4239 monasteriorum
1747 4177 1783 4239 in

82 4305 259 4375 oblivionem
285 4323 386 4375 erant
409 4314 584 4393 adducta,
615 4323 736 4376 votum
768 4314 884 4395 ipsum
913 4315 1138 4396 paupertatis
1169 4315 1363 4379 identidem
1396 4316 1649 4378 oblitteratum.
1694 4317 1782 4379 Inde

83 4482 359 4505 κῇ...-

179 4616 197 4696 ’)
220 4620 300 4676 Beda
324 4619 453 4686 Schroll,
478 4622 541 4677 Das
565 4620 863 4679 Benedictiner·Stist
886 4619 931 4678 St.
956 4622 1038 4678 Paul.

177 4729 391 4807 2)(311101116011
415 4735 618 4790 novissimum.

176 4842 196 4921 ³)
219 4846 333 4920 Eggcr‚
358 4843 541 4901 Geschicbte
565 4863 624 4902 von
648 4845 745 4902 Tirol.

176 4955 195 5033 4)
217 4958 322 5032 Egger
345 4957 364 5014 1.
391 4977 416 5014 6.

175 5065 196 5146 5)
217 5069 429 5137 Wendenthal‚
454 5071 592 5127 Oesterr.
617 5070 757 5128 Klerisei.

174 5177 352 5258 6)81611161,
377 5183 441 5239 Das
465 5183 610 5240 deutsche
634 5164 731 5240 Tirol.

175 5293 194 5373 ⁷)
216 5295 342 5352 Staffler
367 5296 384 5352 1.
409 5315 435 5352 c.

173 5403 396 5486 ι’)Β61ς11161111,
420 5408 633 5482 Necrologium
657 5408 778 5483 Augiae
801 5410 934 5466 maioris.
