4088 6270
950 525 991 533 —
1037 486 1141 551 XCII
1188 525 1227 532 -

149 784 151 788 y
222 715 438 778 Enzersdorf
458 725 494 778 et
508 715 660 778 Ioannes
677 715 796 779 Oeder
819 715 1023 777 sacerdotes
1039 717 1072 795 ¹).
1110 715 1237 777 Primis
1261 714 1394 778 saeculi
1411 715 1512 778 XVI.
1537 715 1718 779 decenniis
1734 715 1954 779 Benedictus

223 855 449 919 Chelidonius
480 854 607 917 Abbas
639 854 886 935 (1518—1521)
922 853 1091 917 doctrinis
1124 875 1203 917 cum
1234 854 1445 937 theologicis
1473 865 1547 918 tum
1581 855 1788 919 liberalibus
1824 855 1952 918 famam

222 994 382 1077 collegit,
415 994 607 1074 praecipue
639 991 920 1073 quaestionibus,
950 1013 1038 1074 quas
1062 1004 1207 1057 auctore
1230 994 1291 1057 Dr.
1315 995 1447 1057 Ioanne
1471 994 1546 1056 Eck
1579 995 1623 1057 de
1653 995 1754 1057 libris
1787 1003 1953 1076 quattuor

222 1133 477 1196 sententiarum
501 1133 780 1215 theologicarum
802 1132 965 1213 instituit,
990 1132 1049 1212 qui
1064 1132 1173 1194 Petro
1188 1133 1390 1195 Lombardo
1406 1132 1497 1196 false
1521 1133 1701 1216 adsignati
1724 1136 1770 1196 ad
1795 1134 1950 1197 studium

222 1272 424 1354 theologiae
448 1273 681 1335 scholasticae
704 1272 824 1354 magni
847 1283 928 1334 sunt
949 1272 1125 1334 momenti.
1165 1271 1319 1334 Eosdem
1343 1273 1550 1335 emendatos
1574 1272 1695 1335 edidit.
1732 1271 1820 1335 Cum
1846 1275 1952 1335 bona-

222 1432 299 1473 rum
331 1411 459 1473 artium
485 1410 707 1491 principibus
732 1422 770 1474 ut
792 1412 942 1473 Alberto
966 1410 1097 1492 Diirer,
1122 1410 1330 1485 Willibaldo
1355 1410 1591 1492 Pirkheimer,
1623 1411 1685 1474 Dr.
1711 1411 1845 1473 Ioanne
1868 1411 1958 1494 Eck‚

223 1550 386 1614 Conrado
410 1549 538 1631 Celtes,
563 1550 641 1612 aliis
665 1561 742 1612 arta
765 1551 937 1613 societate
961 1562 1038 1612 erat
1062 1550 1271 1612 coniunctus
1285 1554 1320 1630 2).

352 1689 393 1751 In
409 1690 622 1752 monasterio
639 1680 895 1752 Cremifanensi
918 1689 1186 1752 dissertationes
1208 1689 1429 1772 theologicas
1444 1689 1646 1752 Fridericus
1661 1690 1978 1757 Kerschbaumer

224 1837 260 1891 et
283 1828 469 1889 Florianus
492 1828 730 1910 Mersinger³)
755 1826 992 1909 confecerunt,
1021 1826 1252 1890 Seitenstadii
1276 1828 1427 1890 loannes
1449 1830 1643 1913 monachus
1675 1838 1885 1912 „tractatum
1907 1831 1980 1899 de

222 1965 313 2027 fide“
323 1967 346 2045 4)
365 1966 522 2046 scripsit;
540 1966 623 2028 item
640 1966 674 2029 in
691 1967 912 2030 monasteriis
930 1966 1156 2031 Gluniacensi
1173 1980 1208 2031 et
1225 1966 1411 2031 Garstensi
1427 1990 1448 2031 a
1464 1970 1702 2051 compluribus
1719 1970 1979 2052 scriptoribus

223 2105 355 2188 ignotis
379 2105 647 2169 dissertationes
671 2107 706 2169 in
730 2108 909 2188 publicum
933 2107 1157 2188 prodierunt:
1191 2109 1256 2191 ,de
1283 2108 1535 2189 poenitentia“,
1570 2109 1634 2191 „de
1666 2119 1805 2191 septem
1838 2129 1977 2174 sacra-

223 2245 383 2325 mentis“,
410 2246 607 2325 „expositio
631 2246 667 2308 in
690 2247 878 2328 psalmos“,
903 2248 972 2310 alia
986 2251 1021 2327 ⁵).

352 2384 510 2446 Maxime
526 2405 610 2447 vero
633 2385 725 2448 inter
748 2386 864 2449 omnia
881 2387 1049 2450 Austriae
1073 2387 1264 2468 superioris
1287 2387 1502 2450 monasteria
1516 2388 1605 2449 haec
1621 2386 1819 2449 litterarum
1835 2388 1971 2450 studia

224 2523 320 2584 culta
343 2532 424 2585 sunt
449 2523 656 2604 Lunaelaci,
689 2544 758 2605 quo
788 2526 824 2587 in
854 2527 1068 2589 monasterio
1099 2526 1253 2588 maxima
1281 2547 1360 2589 cum
1391 2527 1576 2609 diligentia
1599 2547 1669 2589 non
1693 2511 1807 2588 solum
1828 2526 1970 2589 biblio·

225 2662 330 2724 theca
353 2663 542 2744 descriptis
565 2665 733 2744 operibus
757 2667 929 2728 clarorum
952 2668 1198 2748 theologorum
1222 2687 1243 2728 a
1265 2666 1446 2730 monachis
1470 2676 1525 2728 est
1549 2677 1735 2747 exornata,
1760 2666 1823 2728 sed
1848 2664 1969 2726 etiam

226 2802 357 2864 multae
382 2801 650 2865 dissertationes
673 2814 748 2865 tum
765 2805 882 2866 editae
900 2815 991 2868 sunt.
1022 2804 1062 2867 In
1079 2825 1208 2886 magno
1225 2805 1437 2885 scriptorum
1452 2804 1555 2867 huius
1571 2803 1778 2866 monasterii
1799 2820 1968 2881 numero,

125 2950 131 2958 '
202 2920 207 2928 ⁹
228 2940 289 3021 qui
312 2960 333 3002 a
356 2940 473 3001 medio
490 2942 631 3005 saeculo
648 2943 731 3005 XV.
748 2963 861 3024 usque
878 2945 923 3006 ad
940 2946 1092 3007 medium
1110 2947 1289 3008 saeculum
1308 2944 1426 3008 XVII.
1449 2944 1601 3025 fuerunt,
1625 2942 1729 3024 primi
1752 2937 1966 3005 nominandi

227 3088 309 3140 sunt
339 3078 578 3160 Hieronymus
614 3081 657 3142 de
685 3081 861 3164 Werden,
896 3083 950 3146 vir
984 3103 1140 3146 summae
1178 3084 1401 3165 eruditionis,
1440 3094 1476 3145 et
1505 3081 1712 3144 Leonardus
1744 3079 1931 3160 Schilling
1947 3073 1964 3154 ⁶)

227 3218 415 3279 multorum
446 3218 613 3280 librorum
642 3220 809 3302 script0r;
838 3231 981 3302 praeter
1008 3224 1072 3285 hos
1096 3225 1209 3286 abbas
1242 3221 1462 3302 monasterii,
1491 3219 1708 3282 Benedictus
1742 3221 1786 3282 de
1820 3219 1965 3292 Piburg

228 3358 478 3437 (rubi—1499),
495 3356 646 3420 loannes
661 3359 812 3441 Hauser,
828 3361 1005 3424 Henricus
1022 3363 1232 3444 Amberger,
1250 3362 1435 3425 Florianus
1452 3359 1610 3441 S'chiffer,
1630 3358 1845 3421 Benedictus
1860 3349 1963 3419 Lust-

355 3651 376 3732 1)
402 3652 524 3728 Scripta
547 3671 650 3709 eorum
674 3652 742 3707 vide
767 3649 867 3726 Kropf
887 3651 905 3706 l.
931 3668 957 3705 c.
982 3662 1012 3704 et
1036 3648 1192 3704 Hauswirt
1215 3647 1233 3702 l.
1259 3666 1284 3702 c.

356 3765 377 3845 2)
401 3767 555 3822 Hauswirt
585 3765 604 3821 1.
636 3784 661 3821 c.
697 3763 873 3821 Chelidonia
905 3761 1016 3819 abbate
1048 3763 1132 3836 prior
1161 3761 1210 3815 Fr.
1235 3759 1373 3814 Andreas
1405 3757 1548 3831 „Vigilias
1572 3768 1603 3810 et
1626 3753 1726 3810 officia
1750 3736 1969 3809 mortuorum*

227 3882 349 3957 scripsit
373 3899 399 3935 c.
424 3898 449 3938 a.
480 3893 569 3951 1519.
621 3886 622 3889 ’

354 3989 377 4069 3)
400 3990 572 4047 Fridericus
596 3988 670 4046 obiit
699 4004 787 4062 1452.
820 3989 889 4057 Quo
907 4002 1043 4063 tempore
1060 3986 1217 4042 Florianus
1234 3983 1353 4049 obierit,
1371 4001 1430 4039 non
1447 3993 1574 4038 constat.
1592 3981 1628 4036 V.
1646 3979 1829 4054 Pachmayr:
1854 3969 1983 4034 Series

226 4104 367 4162 abbatum
392 4124 427 4161 ac
451 4105 659 4178 religiosorum
683 4102 960 4159 Cremilanensium.

355 4216 377 4296 4)
401 4217 563 4273 Archivum
587 4215 853 4272 Seitenstadiense.

355 4328 378 4409 ⁵)
402 4330 522 4405 Scripta
545 4349 649 4386 eorum
672 4341 741 4384 sunt
764 4326 930 4402 deperdita.

355 4438 378 4520 6)
402 4440 532 4498 Stauffer
556 4443 583 4496 in
606 4438 762 4496 annalibus
778 4440 925 4514 gymnasii
942 4437 1123 4493 Mellicensis
1144 4433 1221 4507 1865
1247 4437 1288 4490 ait
1305 4432 1341 4489 de
1358 4433 1559 4506 Hieronymo:
1588 4430 1740 4502 „Bernard
1756 4431 1815 4486 Pez
1837 4421 1936 4485 erzah
1958 4403 2008 4461 ¹1³

227 4575 261 4613 er
283 4554 361 4612 habe
386 4556 413 4609 in
437 4553 490 4609 der
513 4553 684 4611 Bibliothek
707 4573 741 4608 zu
766 4555 1008 4609 Kremsmiinster
1031 4553 1117 4606 einen
1141 4548 1244 4605 Codex
1268 4546 1415 4621 geschen,
1445 4548 1473 4601 in
1501 4544 1568 4599 dem
1592 4543 1640 4599 die
1663 4544 1750 4599 Notiz
1774 4528 2013 4599 vorkomn’e·

227 4668 298 4724 dass
321 4686 411 4723 unser
435 4668 636 4741 llieronymus
659 4685 694 4722 so
718 4666 795 4722 viele
819 4665 936 4721 Biicher
966 4661 1167 4737 geschrieben
1196 4659 1290 4727 habe,
1323 4659 1393 4715 dass
1422 4658 1510 4714 sechs
1534 4655 1641 4712 Plerde
1671 4656 1752 4711 nicht
1782 4657 1819 4711 im
1848 4621 2017 4710 swale

228 4788 339 4846 waren,
364 4783 407 4835 sie
432 4779 666 4846 fortzulilhren“,
695 4792 725 4834 et
748 4778 785 4833 de
808 4777 971 4833 Leonardo
996 4774 1142 4849 Schilling
1166 4774 1242 4830 idem
1267 4786 1372 4829 auctor
1396 4771 1483 4827 dicit:
1518 4770 1579 4841 „Er
1602 4768 1721 4824 machte
1744 4768 1809 4824 sich
1833 4785 1879 4821 um
1899 4733 2021 4816 ,ple

229 4892 631 4950 Facultatswissenschaften
656 4892 800 4958 uerdiem,
825 4909 888 4946 war
911 4892 959 4946 ein
983 4889 1194 4945 unermiideter
1217 4887 1376 4952 Forscher‚
1402 4886 1449 4940 ein
1473 4883 1562 4937 Manu
1585 4899 1645 4937 von
1669 4880 1812 4937 ehernem
1836 4861 2023 4966 Fleissst‘f’

228 5009 276 5062 ein
298 5019 386 5081 guter
409 5006 515 5072 Maler,
545 5007 592 5061 ein
614 5002 762 5061 beliebter
785 5002 1041 5065 Gesellschalter‚
1073 5001 1139 5057 dem
1169 5001 1222 5056 der
1250 4999 1398 5055 romische
1423 4997 1524 5070 Konig
1547 4994 1729 5050 Maximilian
1752 4993 1775 5049 1.
1810 4989 1918 5065 15062
1956 4970 2026 5077 ‘ln

230 5120 341 5175 Bistum
364 5132 485 5192 antrug‚
517 5117 570 5173 das
599 5137 631 5173 er
658 5116 731 5174 aber
757 5115 940 5173 bescheiden
963 5115 1135 5187 ausschlug.
1182 5114 1224 5168 Er
1249 5113 1327 5187 sreng
1351 5113 1433 5167 seine
1462 5106 1757 5165 schriltstellerische
1782 5076 2025 5177 Thatighffilt

229 5232 323 5288 sehon
346 5233 384 5287 im
408 5232 604 5287 achtzehnten
626 5232 717 5306 Jahre
740 5249 778 5284 an
807 5229 864 5285 und
889 5225 1023 5295 schrieb,
1048 5229 1105 5282 wie
1128 5246 1161 5282 er
1184 5224 1279 5282 selbst
1309 5227 1336 5280 in
1360 5226 1456 5280 ciuem
1480 5224 1579 5277 seiner
1602 5219 1717 5275 Werke
1740 5216 1858 5292 angibt,
1884 5195 2024 5270 5leer

228 5344 347 5418 achtzig
371 5345 518 5400 Biicher‘⁴'.
552 5344 653 5419 Opera
683 5361 787 5399 eorum
817 5342 884 5398 vide
908 5340 1039 5398 Staufier
1062 5341 1080 5396 l.
1106 5361 1131 5397 c.
1156 5341 1358 5414 Hieronymus
1380 5356 1407 5392 a.
1436 5348 1530 5408 1475,
1554 5333 1733 5389 Leonardus
1756 5352 1783 5388 a.
1813 5343 1888 5404 1540
1907 5303 2017 5381 ebt

229 5455 395 5518 defunctus
