4034 6262
638 501 921 573 ...53-

124 695 231 748 torum
257 683 477 766 professione
511 683 568 747 die
596 688 648 748 31.
675 685 738 748 Iul.

144 805 300 869 initiatus
321 815 384 869 est.
408 805 640 868 Tuberculosi
663 807 739 888 pul·

124 927 158 991 lit
172 927 207 990 in
223 928 300 1010 ipso
316 928 410 990 vitae
426 928 659 990 sacerdotalis
674 928 738 990 ini-

124 1061 182 1113 tec.
204 1053 293 1113 1861.

124 1197 291 1279 scriptum
307 1197 448 1279 reliquit
463 1197 636 1259 libellum:

124 1348 184 1406 und
207 1350 369 1425 Dichtung.
399 1347 558 1428 (Collectio
585 1351 737 1406 variorum

126 1454 284 1511 Volumina
313 1456 454 1530 quinque.
483 1455 517 1510 ln
543 1453 737 1511 bibliotheca.

124 1723 326 1820 enberger
356 1736 603 1800 Lambertus
635 1735 738 1820 (Cre-

124 1851 176 1934 is)‚
194 1852 406 1917 Austriacus
421 1856 468 1917 ad
482 1876 508 1918 s,
517 1855 663 1936 Mariae,
680 1855 737 1916 die

124 1996 133 2051 7
157 1985 272 2057 natus,
295 1977 468 2040 absolutis
492 1978 528 2040 in
550 1976 738 2060 gymnasio

124 2097 162 2161 tsi
187 2099 314 2161 studiis
339 2112 374 2162 et
397 2100 455 2162 die
477 2122 508 2163 a.
530 2098 629 2182 Sept.
654 2100 737 2162 anni

125 2220 178 2284 itu
194 2221 338 2284 indutus
355 2222 622 2303 quadriennium
638 2225 737 2285 theo·

139 2341 302 2405 instituto
324 2343 520 2406 domestico
540 2346 586 2406 ad
608 2364 635 2408 s.
655 2343 736 2405 Flo·

124 2463 247 2537 currit;
265 2465 322 2526 die
335 2487 364 2542 4.
380 2462 479 2547 Sept.
502 2469 579 2528 1862
598 2466 737 2528 sollem-

124 2604 208 2668 ssuS‚
225 2586 282 2648 die
300 2592 350 2650 zo.
367 2587 430 2650 Iul.
452 2591 530 2651 1803
548 2608 575 2652 s,
588 2590 737 2669 presby·

123 2707 217 2770 inem
226 2709 371 2790 recepit.
384 2709 455 2772 Per
462 2710 641 2773 biennium
654 2730 737 2792 sup-

124 2831 271 2892 rmnasio
290 2830 484 2913 professor;
511 2836 676 2930 1885-67
701 2832 737 2894 in

124 2953 174 3015 ab.
191 2952 318 3015 litteris
336 2951 555 3017 Germanicis
576 2964 612 3017 et
627 2956 737 3019 histo-

124 3075 319 3157 aphiaeque
340 3096 484 3158 operam
507 3078 618 3151 dedit;
643 3080 736 3141 unde

133 3198 353 3278 adprobatus
377 3218 456 3261 cum
476 3200 649 3282 rediisset,
673 3201 737 3264 lin·

124 3319 289 3401 danicam,
305 3321 563 3403 geographiam
580 3333 616 3385 et
627 3323 736 3385 histo·

124 3460 223 3523 ’oque
244 3443 432 3525 gymnasio
455 3445 585 3507 docere
607 3445 736 3528 coepit,

124 3562 276 3645 >ologiae
297 3574 333 3626 et
349 3565 537 3628 botanicae
556 3565 736 3648 professu-

144 3689 310 3765 1869-75
332 3686 435 3749 simul
457 3688 549 3769 parti
571 3689 736 3752 iuvenum

124 3829 128 3868 l
149 3808 355 3890 degentium
377 3809 546 3892 praefuit,
568 3831 660 3873 nunc
680 3812 736 3875 lit-

124 3931 365 3993 ermanicarum
381 3942 489 4013 atque
508 3932 677 3996 historiae
700 3945 738 3998 et

124 4068 150 4112 ‚e
174 4050 386 4132 professoris
410 4074 553 4117 munere
577 4055 736 4138 fungitur

124 4172 570 4238 ibliothecae‘academicae
582 4187 735 4258 praeest.

124 4320 182 4383 lici
199 4322 396 4385 eruditione
413 4334 606 4387 exornatus
618 4325 736 4388 varios

124 4462 129 4501 t
145 4444 275 4506 excudi
291 4443 393 4508 fecit:

132 4593 237 4651 Grabe
264 4596 317 4652 des
343 4597 496 4654 Erldsers.
528 4595 736 4678 (Oratorium.)

124 4699 548 4759 itharisten-Buchdruckerei.
577 4699 667 4777 1869.
693 4703 735 4763 8⁰.

124 4822 181 4861 von
197 4804 254 4862 Ad.
271 4806 439 4863 Proschk0.

124 4926 169 4983 teil
190 4926 290 4983 Ober·
306 4927 364 4983 und
382 4928 677 4987 Niederdsterreichs
698 4949 736 4987 an

124 5050 147 5087 :n
164 5030 330 5088 Litteratur
346 5033 404 5087 seit
425 5033 578 5089 Walthers
599 5053 659 5090 von
683 5034 737 5091 der

124 5135 214 5191 Tode
236 5134 284 5191 bis
308 5156 373 5192 zum
399 5137 483 5193 Ende
507 5138 561 5194 des
587 5154 633 5211 14.
649 5140 736 5215 Jahr-

132 5259 158 5297 e.
181 5239 322 5296 Austriae
343 5243 508 5316 superioris
533 5256 563 5298 et
586 5242 736 5299 inferioris

124 5359 168 5402 rte
183 5345 331 5402 Waltheri
355 5364 433 5415 „von
449 5346 503 5402 der
519 5347 732 5421 Vogelweide“

124 5451 196 5507 itum
221 5452 333 5507 saeculi
359 5451 463 5507 decimi
494 5447 613 5528 quarti.)
642 5450 735 5525 Gym-

819 692 1098 768 nasialprogramm.
1123 693 1207 761 Linz,
1232 693 1336 750 Druck
1356 711 1416 749 von
1436 692 1647 781 Feicbtingers

819 795 931 854 Erben.
954 796 1043 871 1871.
1060 803 1104 871 4⁰.
1122 794 1161 854 62
1179 816 1209 874 p.
1227 797 1338 872 Verlag
1354 797 1408 855 der
1424 799 1590 855 Direction.

905 919 959 975 111.
979 895 1142 994 Anleituug
1162 938 1214 975 zur
1230 920 1433 994 Bestimmung
1449 919 1504 976 der
1519 917 1648 975 Gattun·

818 1042 878 1097 gen
901 1023 955 1080 der
975 1026 1004 1079 in
1020 1024 1265 1080 Kremsmunster
1284 1023 1343 1079 und
1360 1021 1540 1098 Umgebung
1563 1022 1648 1078 wild-

818 1126 1018 1184 wachsenden
1041 1127 1100 1183 und
1124 1126 1283 1201 allgemein
1307 1127 1480 1185 cultivirten
1500 1128 1647 1183 Pllanzen.

817 1228 847 1309 (i.
872 1249 899 1287 e.
925 1230 1110 1287 Introductio
1137 1230 1175 1286 ad
1202 1230 1403 1287 describenda
1429 1245 1458 1286 et
1480 1229 1648 1287 definienda
1681 1226 1695 1246 “

817 1335 985 1411 plantarum
1000 1353 1115 1410 genera
1130 1348 1161 1392 et
1175 1336 1304 1410 species,
1322 1353 1401 1410 quae
1416 1336 1446 1391 in
1458 1337 1567 1391 vicinia
1583 1353 1647 1391 mo·

818 1442 940 1497 nasterii
971 1438 1204 1497 cremifanensis
1231 1452 1290 1497 tam
1322 1440 1352 1495 in
1382 1440 1463 1514 agris
1494 1440 1649 1514 pratisque

818 1561 907 1618 quam
924 1545 952 1599 in
968 1544 1064 1600 hortis
1080 1540 1290 1621 inveniuntur.)
1311 1543 1395 1612 Linz,
1412 1542 1498 1599 Fink.
1525 1541 1649 1615 1873—

822 1646 912 1722 1874.
937 1649 1043 1705 Partes
1059 1648 1096 1704 11.
1119 1649 1193 1704 Pars
1209 1651 1294 1724 prior
1312 1645 1351 1721 76
1367 1666 1450 1724 pag„
1467 1665 1538 1723 pars
1554 1648 1648 1703 altera

822 1749 880 1808 188
897 1771 968 1828 pag.
987 1749 1129 1831 constat.)
1151 1758 1210 1809 12⁰.

905 1875 955 1932 IV.
986 1873 1124 1931 Gunther
1154 1874 1214 1930 und
1242 1875 1329 1931 lrma.
1361 1871 1500 1951 (Carmen
1528 1876 1645 1950 epicum

816 1977 854 2035 de
881 1997 973 2035 causa
999 1979 1183 2036 fundationis
1211 1981 1384 2036 monasterii
1410 1977 1647 2037 Cremisauensis

816 2085 961 2159 scriptum
988 2102 1066 2139 anno
1093 2082 1225 2140 iubilaeo
1255 2080 1357 2162 1877.)
1381 2084 1465 2151 Linz,
1491 2083 1577 2140 Fink.
1600 2082 1645 2140 8⁰.

821 2201 880 2259 140
896 2206 926 2263 p.

902 2292 939 2349 V.
967 2290 1181 2348 Oesterreichs
1204 2291 1379 2365 Huldigung
1405 2310 1457 2347 zur
1480 2293 1569 2348 Feier
1592 2291 1646 2348 der

816 2394 968 2452 silbernen
984 2396 1133 2453 Hochzeit
1147 2395 1232 2452 Ihrer
1247 2395 1276 2453 k.
1292 2394 1351 2452 und
1363 2395 1393 2453 k.
1406 2396 1584 2470 Majestaten
1600 2416 1647 2453 am

817 2514 868 2572 24.
884 2498 970 2576 April
991 2500 1081 2574 1879.
1106 2496 1134 2577 (i.
1157 2517 1184 2557 e.
1210 2500 1390 2574 Homagium
1404 2501 1596 2558 Austriacum
1618 2503 1647 2557 in

816 2603 1016 2661 sollemnitate
1036 2603 1166 2662 iubilaea
1186 2607 1346 2681 coniugum
1367 2603 1517 2683 imperat.)
1543 2606 1647 2662 Druck

815 2726 875 2764 von
891 2708 1008 2784 Johann
1025 2709 1108 2765 Haas
1125 2711 1154 2766 in
1170 2710 1265 2767 Wels.
1282 2709 1326 2767 8⁰.
1341 2710 1456 2786 Verlag
1472 2710 1526 2766 des
1540 2707 1647 2768 Stiltes

817 2813 1069 2870 Kremsmiinster.

903 2916 953 2973 VI.
978 2917 1070 2974 Varia
1097 2919 1160 2973 eius
1181 2920 1313 2974 carmina
1340 2920 1456 2974 minora
1483 2922 1644 2995 separatim

816 3020 897 3078 edita
912 3033 991 3078 sunt.

902 3124 967 3182 Vll.
989 3125 1250 3182 Kremsmiinsters
1266 3125 1648 3204 Petrelacten·Sammlung

815 3247 870 3285 aus
884 3228 1148 3286 Oberdsterreich.
1165 3227 1194 3308 (i.
1208 3248 1235 3287 e.
1248 3230 1396 3287 Collectio
1409 3231 1643 3307 petrelactorum

816 3352 853 3389 ex
869 3331 993 3389 Austria
1008 3335 1166 3408 superiore
1182 3333 1345 3392 Cremisani
1362 3333 1543 3414 adservata.)
1561 3337 1646 3394 Linz.

821 3436 911 3511 1875.

904 3540 983 3598 Vlll.
993 3541 1147 3598 Versuche
1160 3540 1236 3598 tiber
1245 3542 1644 3619 Pllanzen·Transpiration.

816 3641 846 3722 (i.
863 3662 890 3701 e.
907 3644 1122 3720 Experimenta
1141 3644 1179 3701 de
1200 3648 1434 3722 transpiratione
1456 3646 1645 3727 plantarum.)

816 3750 901 3817 Linz,
923 3747 1013 3821 1876.

903 3853 955 3909 lx,
988 3853 1247 3927 Phaenologische
1277 3853 1402 3909 Notizen
1433 3872 1486 3910 aus
1517 3856 1640 3911 Krems-

816 3964 959 4014 mdnster.
976 3953 1005 4034 (i.
1019 3975 1045 4014 e.
1062 3958 1160 4013 Notae
1175 3953 1436 4036 phaenologicae.)
1453 3958 1486 4013 In
1502 3958 1644 4030 „Linzer-

816 4063 975 4136 Zeitung“‚
996 4059 1076 4134 1876
1093 4060 1151 4117 und
1174 4058 1265 4135 1877.

902 4224 1175 4300 Gusenbauer
1212 4236 1424 4301 Rudolfus
1461 4236 1644 4319 (Gottvi·

816 4355 971 4436 censis)
993 4355 1029 4417 in
1049 4355 1215 4418 Thallern
1231 4356 1399 4418 Austriae
1422 4357 1478 4419 die
1501 4363 1551 4421 28.
1567 4359 1641 4423 Ian.

820 4479 898 4554 1827
913 4485 1027 4557 natus,
1039 4476 1213 4538 absolutis
1225 4476 1351 4538 studiis
1362 4478 1644 4559 gymnasialibus

816 4596 973 4678 Cremsii,
996 4617 1022 4659 s
1039 4596 1163 4659 habitu
1184 4598 1241 4659 die
1259 4602 1308 4660 28.
1326 4595 1426 4679 Sept.
1447 4603 1526 4678 1845
1544 4601 1643 4664 indu-

816 4728 883 4798 tus,
900 4738 927 4781 s.
944 4716 1198 4799 professionem
1215 4717 1273 4780 die
1294 4723 1341 4782 15.
1354 4719 1444 4783 Νον.
1462 4726 1542 4801 1849
1560 4723 1643 4785 emi-

816 4840 861 4901 sit
878 4850 913 4902 et
930 4839 986 4901 die
1008 4860 1054 4901 11.
1068 4839 1162 4922 Aug.
1184 4844 1265 4902 1850
1281 4851 1468 4925 neomysta
1483 4844 1529 4905 ad
1546 4864 1642 4906 aram

816 4961 925 5025 stetit.
949 4959 1068 5022 Variis
1091 4959 1217 5023 officiis
1240 4963 1334 5024 domi
1353 4962 1569 5046 fungebatur
1592 4965 1642 5028 uti

816 5082 928 5147 curati
943 5082 979 5144 in
995 5082 1208 5145 monasterio
1229 5087 1396 5147 1850-56
1418 5095 1454 5148 et
1475 5090 1641 5165 1851-54

815 5205 917 5267 simul
933 5206 1139 5267 catechetae
1156 5205 1297 5269 scholae
1314 5207 1536 5287 parochialis
1559 5208 1641 5270 dein

819 5330 984 5404 isso-09
1012 5324 1224 5407 professoris
1255 5314 1457 5410 theologiae
1487 5327 1640 5409 moralis,

818 5448 1260 5530 1857-74bibliothecarii,
1275 5453 1441 5529 1857—68
1456 5448 1640 5512 directoris

1381 5565 1413 5602 20
