4088 6270
795 524 835 533 ..
883 488 1042 548 xv..

176 708 418 773 Cremifanum
442 731 583 793 quoque
606 711 752 774 Henrici
775 713 819 775 H.
844 712 894 794 pii
918 712 1142 794 imperatoris
1166 734 1250 776 cura
1274 733 1339 796 per
1363 712 1593 778 Godhardum
1618 719 1786 779 abbatem

56 849 403 913 Abrahae-Inferioris
427 850 571 914 ineunte
594 852 737 913 saeculo
760 850 948 914 undecimo
973 851 1167 915 excitatum
1192 862 1256 915 est.
1297 852 1450 916 Omnino
1473 874 1559 917 vero
1583 855 1650 917 hoc
1666 874 1786 917 mona-

57 988 202 1071 sterium,
226 997 420 1070 postquam
443 1010 508 1071 per
524 991 754 1053 Altmannum
779 990 987 1072 episcopum
1005 990 1281 1053 Passaviensem
1297 992 1400 1055 novis
1416 993 1599 1055 monachis
1621 992 1787 1074 frequen-

56 1138 159 1190 tatum
189 1136 264 1211 est,
297 1147 386 1208 quos
410 1128 652 1192 Theodericus
682 1130 796 1191 abbas
827 1131 872 1191 ab
901 1129 1096 1191 Altmanno
1127 1130 1341 1192 constitutus
1372 1150 1391 1191 e
1422 1132 1637 1194 monasterio
1670 1130 1787 1194 Gorce

56 1275 250 1348 vocaverat,
275 1266 396 1347 itaque
419 1266 520 1348 leges
543 1266 819 1349 Hirsaugienses
841 1267 1065 1330 introductae
1089 1275 1188 1349 sunt,
1219 1267 1381 1350 vigorem
1409 1268 1596 1350 pristinum
1625 1269 1787 1350 recipere
1880 1334 1883 1340 ,

58 1405 166 1485 coepit
182 1405 217 1486 ¹).

175 1543 300 1624 Atque
324 1542 431 1606 etiam
454 1543 676 1605 Lunaelacus
700 1550 736 1605 et
759 1542 1041 1605 Michaelburum
1066 1564 1144 1606 cum
1167 1544 1293 1627 regula
1317 1546 1420 1608 Beati
1439 1544 1618 1608 Guilielmi
1642 1547 1786 1609 abbatis

58 1681 192 1744 inducta
220 1690 327 1762 esset,
358 1682 575 1744 revixerunt.
618 1680 773 1763 Magnus
796 1680 853 1743 hic
876 1680 1087 1744 reformator
1122 1682 1235 1745 ordini
1263 1683 1441 1765 susceptis
1472 1686 1653 1747 monachis
1676 1684 1787 1766 laicis,

60 1821 109 1902 qui
131 1821 239 1883 etiam
262 1819 392 1882 fratres
415 1819 556 1882 barbati
579 1820 638 1883 vel
662 1819 830 1883 inliterati
853 1820 1088 1901 nominantur,
1113 1841 1243 1883 novum
1266 1841 1381 1904 genus
1405 1824 1603 1888 addiderat.
1651 1824 1787 1886 Horum

61 1968 134 2039 erat,
157 1959 363 2023 muneribus
386 1958 610 2022 inferioribus
634 1959 734 2041 fungi
758 1968 794 2021 et
817 1958 1023 2021 monasterii
1051 1959 1218 2041 regiones
1247 1960 1431 2024 silvestres
1462 1961 1498 2023 in
1529 1983 1694 2025 arvorum
1718 1963 1788 2026 for·

63 2117 140 2160 mam
161 2098 337 2180 redigere.
376 2098 543 2161 Monachi
567 2106 686 2160 autem
709 2097 788 2179 ipsi,
812 2097 941 2160 fratres
964 2097 1121 2180 litterati,
1146 2098 1245 2180 operi
1267 2097 1346 2179 Dei,
1374 2119 1564 2181 puerorum
1589 2101 1786 2183 disciplinis

64 2235 245 2318 litterisque
267 2238 448 2299 vacabant
463 2237 497 2317 2).
542 2236 622 2299 Hoc
652 2237 814 2300 instituto
846 2238 954 2301 etiam
985 2257 1006 2299 a
1037 2238 1262 2300 monasteriis
1286 2238 1486 2303 Austriacis
1518 2251 1668 2322 accepto
1700 2244 1787 2304 ordo

69 2376 98 2437 in·
113 2377 320 2457 exequendo
344 2394 488 2439 munere
511 2396 642 2458 magno
667 2395 776 2458 opere
800 2376 1046 2440 adiuvabatur.
1085 2377 1248 2458 Longum
1272 2387 1326 2440 est
1350 2378 1509 2460 singulos
1540 2388 1674 2442 tractus
1703 2400 1788 2442 enu-

70 2533 194 2597 merare,
218 2514 280 2596 qui
304 2516 435 2576 sudore
459 2523 495 2577 et
518 2515 640 2577 labore
664 2516 915 2577 monachorum
940 2535 961 2577 a
984 2515 1128 2578 feritate
1152 2518 1197 2578 ad
1221 2516 1402 2578 meliorem
1426 2516 1522 2579 vitae
1551 2519 1682 2580 cultum
1707 2536 1787 2597 per-

74 2653 287 2729 ducebantur;
323 2654 390 2717 hoc
422 2653 580 2736 dicimus,
614 2654 728 2716 valles
757 2673 924 2716 amoenas
955 2654 1104 2736 Alpium
1132 2653 1416 2736 Austriacarum,
1450 2653 1785 2738 Salisburgensium,

76 2787 288 2874 Stiriensium,
328 2791 557 2859 Carnicarum
593 2794 724 2855 cultum
760 2802 868 2874 atque
906 2794 1161 2855 humanitatem
1197 2792 1278 2855 filiis
1314 2815 1341 2857 s.
1370 2795 1557 2857 Benedicti
1596 2796 1787 2858 maximam

78 2940 189 3008 partem
211 2941 364 3014 accepta
387 2931 569 3011 referres).

181 3069 244 3132 His
269 3070 423 3132 strenuis
447 3090 473 3133 s.
497 3069 684 3133 Benedicti
707 3069 798 3152 filiis,
824 3089 970 3151 quorum
994 3070 1137 3152 plurimi
1160 3069 1329 3133 Germani
1353 3082 1455 3134 erant
1477 3092 1619 3156 genere,
1644 3075 1788 3137 saeculo

81 3208 259 3271 duodecimo
283 3209 344 3271 alii
367 3228 406 3271 se
430 3209 682 3291 adiunxerunt,
712 3210 771 3290 qui
795 3228 1000 3290 spumosam
1023 3209 1235 3272 Brittaniam
1264 3211 1416 3291 patriam
1444 3222 1593 3293 vocant,
1627 3212 1790 3275 monachi

81 3340 193 3410 Scotici.
231 3346 384 3411 Saeculo
408 3347 595 3410 undecimo
618 3347 843 3411 Ratisbonae
868 3348 1120 3410 monasterium
1145 3368 1171 3411 S.
1195 3348 1327 3410 Iacobo
1351 3360 1598 3427 consecratum
1623 3350 1793 3413 condide-

82 3494 147 3549 rant
185 3487 276 3550 Hinc
305 3491 385 3549 1158
413 3507 526 3568 parva
556 3508 662 3549 manu
693 3486 830 3569 egressi
853 3486 1025 3551 Sanctino
1056 3489 1189 3549 abbate
1221 3488 1311 3548 duce
1334 3486 1583 3549 Vindobonam
1616 3497 1791 3551 venerunt

83 3618 174 3702 ibique
194 3625 446 3687 monasterium
470 3635 505 3688 et
528 3625 721 3707 hospitium
745 3628 790 3687 ab
813 3625 971 3688 Henrico
994 3625 1224 3708 Iasomirgott
1246 3625 1360 3707 primo
1385 3625 1554 3688 Austriae
1588 3628 1677 3689 duce
1709 3647 1791 3689 con·

85 3775 190 3824 cessum
213 3765 453 3845 possederunt
467 3767 502 3844 ⁴).

184 3964 202 4044 ¹)
227 3965 453 4023 Rettenbacher
477 3966 494 4023 l.
520 3983 563 4034 c.;
589 3966 719 4023 Loserth
743 3966 761 4021 l.
786 3984 812 4022 c.

183 4077 277 4156 2)Α1)
301 4082 385 4136 initio
409 4080 527 4137 incolae
551 4081 801 4136 monasteriorum
832 4078 896 4135 fere
925 4096 1029 4135 omnes
1060 4077 1127 4135 laici
1159 4092 1253 4135 crant.
1300 4080 1406 4154 Neque
1439 4099 1504 4136 cum
1538 4081 1655 4156 plurimi
1688 4099 1790 4136 mona·

85 4184 178 4247 thomnr
206 4192 321 4249 ordinis
352 4192 552 4249 sacerdotalis
583 4205 699 4257 essent,
732 4191 797 4248 laici
833 4191 947 4247 exclusi
976 4203 1070 4247 crant.
1116 4192 1161 4246 Ne
1188 4209 1206 4246 a
1234 4193 1417 4248 monasterio
1446 4192 1636 4250 Cluniaccnsi
1672 4193 1791 4268 quidem

82 4300 240 4360 arcebantur.
281 4306 320 4360 Hi
349 4306 426 4361 enirn
456 4307 645 4380 potissimum
677 4318 778 4371 erant,
811 4306 861 4379 qui
893 4305 1022 4360 animum
1053 4303 1135 4377 vulgi
1167 4305 1352 4361 monasterio
1384 4305 1588 4361 conciliarent.
1628 4306 1791 4362 Praeterea

81 4427 155 4486 neque
174 4419 295 4484 vestitu,
320 4435 420 4492 neque
442 4419 522 4473 votis
546 4435 564 4472 a
587 4417 711 4491 reliquis
740 4415 932 4484 differebant,
957 4429 987 4472 et
1011 4417 1035 4473 si
1060 4418 1201 4473 scientias
1225 4419 1415 4474 necessarias
1443 4416 1500 4474 sibi
1530 4431 1790 4494 comparaverant,

79 4524 286 4602 indignitatem
310 4529 529 4588 sacerdotalem
553 4530 718 4587 ascendere
742 4542 892 4606 poterant.
932 4529 1116 4603 Hirsaugiae
1139 4547 1213 4586 vero
1237 4531 1391 4604 propriam
1408 4531 1543 4604 regulam
1561 4543 1744 4606 acceperunt
1762 4543 1793 4588 et

79 4643 198 4713 magistro
220 4642 333 4700 subditi
358 4646 446 4699 etiam
470 4644 552 4700 cultu
575 4639 711 4721 (tonsura
734 4645 859 4719 propria
883 4656 913 4698 et
935 4639 1044 4719 barba)
1073 4661 1091 4698 a
1114 4642 1232 4699 clericis
1264 4642 1443 4701 differebant
1474 4643 1511 4700 cl.
1536 4643 1688 4709 Mabillon‚
1714 4643 1792 4700 Acta

78 4766 106 4806 ss.
125 4755 229 4812 ordinis
252 4775 278 4813 s.
303 4755 468 4822 Benedicti,
494 4756 531 4811 Il.
559 4771 585 4813 1.
610 4774 691 4812 saec.
723 4769 753 4812 et
776 4757 826 4813 VI.
855 4756 950 4831 prael.
982 4768 1143 4830 praeterea
1174 4755 1307 4823 Kerker,
1340 4754 1480 4812 Wilhelm
1513 4755 1566 4812 der
1597 4755 1700 4830 Selige
1732 4776 1792 4814 von

77 4860 210 4925 llitschau.

178 4979 201 5057 3)
225 4981 349 5050 Quanta
373 4980 528 5056 diligentia
551 4982 690 5038 monachi
714 4999 806 5056 agros
830 4981 992 5048 coluerint,
1022 4999 1059 5036 ex
1083 4983 1333 5038 monasteriorum
1357 4978 1501 5048 urbanis,
1534 4999 1611 5056 quae
1642 4980 1791 5049 dicuntur,

75 5085 160 5160 elucet,
182 5113 311 5168 quorum
336 5094 428 5149 multa
456 5094 493 5150 ad
524 5107 657 5149 nostram
685 5106 833 5149 venerunt
862 5095 1044 5150 memoriam.
1083 5093 1214 5149 Plurima
1245 5094 1445 5158 monasteria,
1477 5110 1544 5149 cum
1578 5092 1790 5159 conderentur,

75 5198 145 5260 silvas
165 5219 358 5282 acceperant,
382 5225 459 5282 quas
483 5205 692 5281 exstirpabant
715 5218 745 5262 et
770 5207 798 5262 in
822 5206 957 5263 colonias
988 5205 1102 5262 divisas
1132 5203 1274 5261 fratribus
1306 5205 1390 5261 laicis
1413 5204 1461 5260 vel
1485 5203 1655 5262 hominibus
1684 5224 1790 5262 saecu·

74 5307 162 5374 laribus
169 5319 421 5376 administrandas
433 5317 602 5375 tradebant.
620 5318 672 5376 Sic
685 5318 794 5375 lactum
808 5337 875 5374 esse
888 5318 1023 5374 videmus
1032 5318 1152 5385 Melicii,
1163 5317 1329 5391 Gottwigii‚
1344 5315 1549 5385 Seitenstadii,
1561 5318 1722 5375 Cremilani
1734 5332 1792 5375 etc.

178 5429 201 5510 ⁴)
225 5431 392 5499 Hauswirt‚
419 5430 603 5488 Geschichte
627 5432 682 5488 des
705 5429 811 5487 Stiltes
834 5428 982 5488 Schotten
1006 5433 1034 5486 in
1057 5430 1157 5487 Wien.
