4088 6270
864 459 1123 521 —LlX—

159 712 214 758 curn
234 692 405 772 convictu,
428 690 484 754 cui
507 693 620 752 abbas
636 689 818 753 Marianus
840 687 1079 771 (1702—1707)
1104 685 1236 748 adiecit
1256 683 1456 747 convictum
1473 704 1662 767 puerorum
1679 683 1859 767 nobilium,

161 830 336 898 Stirensium
359 829 530 892 nobilium
555 829 757 910 frequentia
780 827 1048 891 celeberrimum
1065 824 1098 905 ¹).

257 969 338 1032 Istis
362 968 398 1030 in
422 967 619 1050 gymnasiis
642 967 743 1030 initio
768 967 911 1048 quidem
935 966 1061 1028 eadem
1085 975 1171 1045 erat,
1196 982 1288 1044 quae
1311 961 1403 1043 olim,
1428 962 1581 1025 docendi
1604 963 1709 1045 ratio,
1733 975 1861 1046 postea

163 1129 221 1172 vero
240 1107 422 1190 gymnasia
445 1108 491 1168 ad
515 1108 718 1188 exemplum
742 1107 954 1186 scholarum,
986 1104 1114 1186 quibus
1138 1103 1293 1165 Iesuitae
1316 1112 1521 1182 praeerant,
1553 1105 1862 1167 commutabantur

163 1248 305 1327 etiamque
339 1246 420 1308 libri
455 1246 654 1327 complures
688 1267 709 1309 a
744 1245 886 1308 lesuitis
921 1243 1113 1324 conscripti
1149 1242 1183 1305 in
1220 1242 1418 1304 scholarum
1453 1261 1554 1303 usum
1588 1242 1860 1306 adhibebantur.

163 1385 246 1449 Seuas
265 1384 462 1466 gymnasia,
488 1384 522 1447 in
546 1384 674 1465 quibus
697 1384 922 1466 gymnasium
940 1381 1214 1462 Cremifanense‚
1239 1382 1421 1442 habebant
1444 1380 1588 1461 classes,
1606 1400 1754 1462 quarum
1770 1382 1859 1443 haec

163 1535 234 1586 erant
252 1523 411 1586 nomina:
446 1523 696 1606 „Rhetorica“,
727 1523 763 1584 in
795 1542 864 1602 qua
894 1531 1038 1602 praeter
1061 1519 1233 1600 Curtium,
1256 1519 1470 1601 Vergilium,
1503 1518 1692 1602 Senecam·
1707 1519 1860 1583 maxime

163 1661 244 1725 Soarii
259 1660 434 1745 Synopsis
450 1672 558 1742 atque
577 1662 758 1725 Rhetores
774 1661 973 1723 Porcenses
996 1660 1225 1741 legebantur;
1252 1656 1429 1740 „Poesis“,
1454 1657 1488 1717 in
1506 1677 1576 1738 qua
1592 1667 1735 1738 praeter
1748 1657 1858 1741 Verg.

163 1816 187 1864 et
202 1801 343 1864 Curtium
361 1800 482 1865 Ovidii
506 1801 662 1864 carmina
686 1801 900 1881 legebantur
915 1809 951 1860 et
967 1798 1184 1860 Acroamata
1199 1797 1449 1868 tradebantur;
1474 1795 1509 1857 in
1528 1793 1721 1879 „Syntaxi“
1740 1797 1860 1859 Aemi-

163 1940 208 2001 lius
219 1940 361 2022 Probus,
378 1941 444 2003 Pia
461 1940 649 2020 desideria,
669 1938 813 2001 fabulae
826 1936 974 2017 Aesopi,
991 1935 1172 2017 syntaxis;
1194 1935 1229 1996 in
1248 1932 1548 2018 „Grammatica“:
1570 1934 1691 2018 „Quae
1703 1936 1860 1999 maribus

162 2079 271 2160 solum‘,
287 2078 440 2142 Nomina
456 2078 664 2160 composita,
682 2076 914 2160 Symplicium
938 2077 1054 2157 leges;
1079 2075 1113 2137 in
1133 2074 1401 2157 „Rudimentis“
1425 2074 1626 2137 rudimenta
1642 2084 1678 2137 et
1694 2076 1857 2158 syntaxis

161 2217 233 2294 primi
253 2217 404 2299 generiS,
429 2217 465 2279 in
490 2216 712 2300 „Principia“
741 2237 778 2294 14
796 2215 942 2298 regulae
967 2222 1162 2296 syntaxeos
1186 2224 1222 2274 et
1247 2212 1448 2274 rudimenta
1471 2217 1725 2276 tractabantur.
1756 2216 1857 2279 Reli·

160 2353 244 2432 gionis
266 2355 452 2437 disciplina
476 2357 670 2418 secundum
694 2355 959 2418 Bellarminium
983 2365 1020 2416 et
1043 2352 1232 2433 Canisium,
1262 2373 1281 2414 e
1311 2351 1450 2415 Graeca
1477 2351 1599 2434 lingua
1626 2355 1860 2436 grammatica

160 2502 264 2556 tantum
280 2496 504 2568 tradebatur;
528 2493 752 2577 geographia
769 2504 804 2555 et
820 2492 967 2555 historia
984 2492 1084 2555 initio
1100 2491 1243 2572 quidem
1259 2492 1304 2552 ad
1321 2490 1572 2571 explicandum
1588 2492 1859 2576 adhibebantur,

160 2628 255 2694 iudea
277 2633 393 2695 medio
418 2634 560 2696 saeculo
585 2633 733 2714 XVIII,
758 2643 797 2694 ut
820 2631 1052 2712 arithmetica,
1081 2631 1247 2712 propriae
1277 2629 1488 2712 discipliuae
1512 2649 1591 2692 esse
1616 2605 1808 2713 coeperant
1824 2635 1859 2715 ²).

258 2769 388 2836 Schola
411 2772 616 2834 monasterii
639 2792 666 2836 s.
683 2771 780 2834 Petri
797 2769 1007 2852 Salisburgi,
1032 2790 1124 2851 quae
1140 2770 1280 2851 integra
1296 2778 1475 2832 manserat
1498 2789 1519 2830 a
1543 2770 1705 2833 doctrina
1729 2773 1859 2836 Luthe-

159 2927 219 2972 rana
238 2922 273 2975 et
294 2913 439 2974 saeculo
462 2911 564 2974 XVI.
589 2931 756 2993 magnum
779 2930 907 2973 nomen
935 2920 1127 2973 consecuta
1155 2920 1240 2990 erat,
1272 2928 1337 2990 per
1365 2909 1673 2991 archiepiscopum
1696 2911 1857 2976 Marcum

158 3042 299 3131 siricum,
324 3050 489 3113 comitem
514 3051 558 3111 de
583 3049 789 3112 Hohenems
814 3050 1052 3129 (1612—1619)
1077 3049 1113 3110 in
1137 3046 1405 3110 universitatem
1435 3067 1608 3112 conversa
1636 3062 1701 3114 est.
1745 3052 1782 3114 Is
1805 3053 1858 3116 vir

157 3184 340 3251 clarissimus
364 3201 473 3269 atque
496 3190 541 3250 de
564 3191 670 3251 rebus
694 3187 1027 3270 Salisburgensibus
1052 3187 1185 3269 optime
1205 3188 1360 3270 meritus,
1385 3207 1464 3250 cum
1480 3188 1613 3252 frustra
1629 3190 1764 3272 egisset
1780 3212 1859 3255 cum

157 3327 357 3407 complurium
390 3328 549 3390 ordinum
580 3327 826 3409 religiosorum
856 3326 1087 3409 praepositis,
1116 3346 1161 3388 ne
1191 3326 1371 3390 omitteret
1402 3328 1587 3391 consilium
1618 3329 1859 3394 universitatis

156 3466 348 3547 condendae,
379 3486 457 3528 cum
481 3465 637 3528 Ioachim
661 3468 844 3528 abbates.
869 3465 966 3528 Petri
992 3465 1230 3548 (ὠή-1620)
1263 3467 1307 3527 de
1340 3466 1571 3531 universitate
1602 3469 1715 3531 ordini
1745 3470 1859 3533 Bene-

156 3600 336 3667 dictinorum
360 3605 536 3667 tradenda
558 3604 762 3686 transigere
786 3615 965 3686 coeperat.
1011 3605 1096 3684 Hic,
1129 3613 1168 3666 ut
1199 3616 1276 3667 erat
1305 3604 1498 3667 acerrimus
1529 3609 1700 3669 bonarum
1733 3610 1858 3673 artium

156 3735 253 3824 fautor,
276 3763 340 3826 per
363 3743 543 3805 Bavariae
568 3753 604 3805 et
619 3741 773 3806 Sueviae
797 3743 1013 3806 monasteria
1036 3743 1254 3825 circumibat,
1279 3754 1318 3806 ut
1341 3745 1458 3807 socios
1482 3745 1517 3807 in
1540 3757 1679 3827 partem
1702 3760 1857 3813 vocaret.

157 3874 208 3943 Sed
226 3885 311 3945 adeo
334 3902 400 3965 spe
423 3882 614 3945 frustratus
638 3895 703 3963 est,
727 3892 775 3965 ut,
800 3902 877 3945 cum
901 3883 1052 3963 plurima
1076 3883 1223 3946 obiisset
1248 3885 1473 3966 monasteria,
1497 3884 1532 3946 in
1558 3906 1627 3948 uno
1644 3890 1858 3953 monasterio

156 4014 349 4084 Ottoburano
372 4021 595 4102 propositum
618 4022 882 4102 adsequeretur.
926 4021 982 4084 Ita
1005 4023 1144 4084 duobus
1166 4021 1221 4084 his
1244 4024 1469 4086 monasteriis
1492 4023 1688 4087 coniunctis
1710 4047 1858 4108 gymna-

157 4154 220 4220 sium
241 4181 265 4223 s.
288 4162 386 4224 Petri
410 4160 468 4224 die
493 4166 521 4223 6.
545 4160 635 4224 Nov.
664 4166 741 4240 1617
768 4160 985 4223 sollemniter
1007 4170 1171 4242 apertum
1194 4170 1259 4243 est,
1284 4171 1392 4243 atque
1417 4161 1669 4244 discipulorum
1693 4185 1857 4228 numerus

159 4297 243 4377 uagis
270 4300 455 4382 magisque
489 4301 683 4362 crescebat.
730 4299 817 4362 Cum
850 4299 906 4362 die
942 4305 989 4363 18.
1014 4298 1093 4362 Oct.
1128 4304 1207 4362 1618
1238 4300 1454 4364 monasteria
1485 4320 1512 4365 s
1537 4302 1664 4384 Blasii,
1697 4324 1724 4367 s.
1748 4304 1857 4385 Petri,

160 4427 404 4520 Ottoburanum,
435 4437 569 4501 Altaha
599 4438 762 4520 inferior,
793 4459 820 4502 s.
844 4438 936 4520 Viti,
969 4439 1316 4522 Michaelburanum,
1346 4441 1535 4520 AndechS,
1564 4440 1856 4525 Wessofontium,

161 4564 334 4659 Ursinense,
369 4597 396 4638 s.
428 4575 538 4637 Ulrici
573 4586 609 4638 et
642 4576 772 4657 Afrae,
807 4577 997 4659 Augustae
1025 4577 1308 4669 Vindelicorum,
1344 4579 1627 4661 Thierhaupten,
1663 4579 1856 4663 Scheyern,

162 4722 180 4765 ⁵·
199 4710 315 4797 Crucis,
344 4716 563 4795 Werdense,
597 4715 833 4798 Deggingen,
868 4716 1092 4797 Neresheim,
1127 4716 1237 4799 Seon,
1269 4718 1362 4797 Ror,
1395 4718 1608 4800 Elehingen,
1638 4719 1854 4802 Tegernsee,

163 4838 514 4934 benedictoburanum,
545 4853 853 4935 Weihenstephan
883 4854 1211 4938 (Haerostephani),
1243 4856 1397 4939 Metten,
1425 4856 1667 4940 Mallersdorf,
1696 4860 1856 4921 Welten·

164 4977 237 5069 burg,
267 4993 574 5075 Brunvenigense,
607 5015 633 5056 s.
658 4993 859 5056 Emmerani
889 4994 1131 5075 Ratisbonae,
1166 5014 1193 5059 s.
1224 4996 1346 5058 Iacobi
1381 4998 1426 5058 ad
1457 4994 1585 5060 Scotos
1619 4996 1855 5079 Ratisbonae,

165 5161 431 5189 ᾨ-

258 5300 277 5375 ι)
297 5301 397 5357 Fuchs
420 5301 439 5357 1.
464 5321 489 5358 c.

259 5413 277 5489 ”)
299 5415 387 5488 Hagn
412 5414 430 5470 l.
456 5432 481 5470 c.
