4034 6262
866 502 1147 576 ..2,5-

182 694 264 774 apud
276 711 378 755 omnes
394 710 521 756 summo
537 696 669 756 honore
685 691 838 772 habitus,
855 709 962 772 quum
1042 692 1233 749 vermehrten
1249 690 1403 767 Ausgabe.
1428 707 1468 750 20
1480 693 1540 749 vol.
1558 690 1599 749 8⁰.
1624 707 1650 748 1.
1666 691 1712 748 ed.
1729 691 1873 752 Viennae.

180 832 260 877 anno
280 817 345 876 1881
369 814 516 895 quintum
539 814 788 897 praefecturae
813 813 962 875 lustrum

178 934 308 997 feliciter
320 936 532 1019 explevisset,
550 937 705 1020 undique
723 936 756 998 ei
773 943 962 1017 congratu-

177 1057 271 1117 latum
280 1063 334 1118 est.
349 1055 496 1121 Eundem
509 1080 529 1121 a
540 1059 736 1122 litterarum
747 1076 866 1120 amore
876 1075 963 1118 nun·

177 1197 267 1258 quam
280 1179 460 1262 recessisse,
478 1181 645 1245 indicium
662 1191 727 1262 est,
741 1181 835 1262 quod
851 1181 896 1241 ad
914 1178 964 1240 ul-

175 1299 278 1360 timam
301 1318 401 1382 usque
423 1304 528 1367 vitam
552 1304 672 1384 libros,
697 1303 756 1385 qui
780 1311 964 1383 praestan-

175 1418 283 1482 tissimi
301 1423 490 1507 ederentur,
517 1446 587 1490 non
608 1426 720 1490 solum
745 1423 965 1507 comparavit

175 1541 332 1605 sedetiam
347 1546 430 1631 legit
450 1561 485 1612 et
505 1549 645 1631 relegit,
668 1550 749 1611 dum
770 1547 849 1608 visu
869 1545 965 1607 vale-

175 1663 234 1725 bat.
249 1661 322 1727 Cum
333 1687 411 1734 vero
426 1682 574 1755 propter
590 1671 770 1734 oculorum
788 1668 966 1732 defectum

174 1782 301 1866 legendo
316 1788 421 1873 impar
433 1804 537 1881 esset,
555 1795 621 1856 hoc
636 1793 775 1873 malum,
792 1791 875 1854 licet
887 1810 966 1873 gra-

175 1903 339 1993 vissimum,
363 1916 475 1978 animo
501 1926 573 1979 tam
597 1934 712 1997 aequo
735 1914 831 1995 tulit,
859 1923 897 1976 ut
923 1932 966 1975 ne

176 2027 297 2091 verbulo
316 2037 449 2117 quidem
473 2039 518 2100 de
535 2057 577 2100 eo
595 2047 810 2118 conquestus
831 2035 887 2099 sit.
911 2035 967 2098 In·

175 2156 254 2210 terea
280 2155 331 2220 die
357 2165 383 2224 5.
412 2159 490 2224 Oct.
524 2163 622 2240 1833,
651 2158 967 2241 quinquagesimus

175 2268 234 2331 dies
242 2279 487 2346 anniversarius
498 2282 686 2345 sacerdotii
700 2282 753 2344 sui
766 2280 883 2361 rediit,
897 2298 967 2362 quo

174 2388 225 2469 die,
239 2412 308 2464 Cum
322 2403 394 2486 ipse
411 2415 559 2487 propter
575 2404 763 2487 caliginem
787 2404 967 2485 oculorum

174 2528 254 2578 sacra
268 2525 357 2590 obire
373 2547 441 2591 non
460 2537 592 2610 posset,
614 2546 749 2589 summa
766 2546 844 2589 cum
861 2527 968 2587 devo·

171 2629 247 2697 tione
262 2647 424 2711 sacrificio
438 2648 567 2710 missae
581 2651 674 2711 hunc
688 2648 722 2710 in
730 2645 835 2709 finem
848 2649 894 2709 ab
907 2648 969 2708 ab·

170 2748 235 2851 bate
253 2768 444 2835 celebratae
471 2769 632 2834 interfuit
658 2779 694 2833 et
717 2789 819 2832 saera
840 2768 967 2851 synaxi

166 2873 298 2953 relectus
312 2891 472 2956 Nestoris
493 2912 605 2956 annos
626 2892 736 2956 aetati
760 2911 845 2954 suae
869 2892 967 2954 addi·

165 2998 247 3064 turus
270 3013 460 3079 videbatur.
490 3016 557 3078 Die
581 3034 665 3078 vero
695 3020 744 3078 28.
769 3015 857 3096 Apr.
887 3019 967 3093 1834

161 3129 222 3181 ⁰¹¹1ss
242 3136 356 3200 cubitu
372 3156 520 3220 surgere
533 3137 652 3218 vellet,
665 3137 866 3200 vehementi
879 3136 967 3199 tussi

156 3241 183 3293 ⁰²
192 3249 307 3320 slibita
317 3258 407 3322 febri
421 3259 654 3341 praepeditus
667 3259 724 3322 die
739 3280 767 3323 2.
776 3257 863 3321 Maii
876 3258 966 3321 eius·

152 3351 216 3424 dem
239 3381 316 3442 anni
331 3382 419 3443 hora
435 3393 519 3463 post
540 3380 723 3443 meridiem
744 3383 900 3443 secunda
921 3381 967 3442 si·

148 3479 250 3575 nens,
269 3502 462 3585 porrigenti
482 3503 663 3584 poculum,
687 3524 794 3585 quum
816 3502 967 3565 bibisset

144 3592 318 3705 tvstlete‘ss
334 3625 458 3706 inquit,
483 3624 625 3699 „amici“
652 3634 688 3687 et
703 3644 786 3688 mox
803 3625 878 3688 sine
895 3626 966 3689 ullo

139 3715 261 3806 d⁰¹01·e
276 3746 435 3828 spiritum
453 3747 604 3811 creatori
622 3748 788 3812 reddidit.

217 3859 335 3951 'Iypis
352 3869 477 3933 edidit:

217 3986 249 4050 Ῐ.
265 3996 496 4072 Beruhigungen
505 3996 584 4053 beim
595 3996 773 4054 Ausbruche
786 3996 840 4053 des
853 4015 967 4071 gegen·

135 4080 283 4172 wittigm
299 4101 438 4176 Krieges.
461 4098 588 4178 (Concio
610 4100 648 4157 ad
669 4100 834 4177 placandos
850 4103 966 4158 animos

136 4192 190 4239 ⁰¹1⁰
208 4190 297 4260 bello
313 4223 390 4261 anno
408 4202 511 4284 1799.)
527 4205 604 4261 Eine
616 4205 749 4279 Predigt‚
763 4205 904 4279 gehalten
916 4204 965 4263 bei

136 4278 335 4376 Gelegerheit
350 4309 404 4366 des
420 4311 547 4366 zweiten
564 4309 758 4377 Dankfestes,
781 4309 851 4365 dass
872 4309 965 4367 durch

137 4381 179 4445 ‘¹³⁸
191 4399 376 4487 Aulgeboth
393 4413 447 4469 das
456 4412 620 4471 Vaterland
634 4415 673 4469 ist
685 4427 816 4488 gerettet
830 4413 964 4471 worden.

137 4484 281 4581 Viennae,
303 4530 394 4590 1799,
412 4520 493 4593 typis
510 4517 630 4574 Antonii
650 4517 776 4574 Pichler.

225 4615 262 4676 11.
286 4621 342 4678 Die
364 4621 508 4679 Pllichten
529 4622 583 4678 des
605 4622 762 4679 Priesters.
788 4618 817 4698 (i.
835 4640 860 4678 e.
879 4621 966 4691 Quae

139 4711 288 4782 sacerdoti
301 4728 359 4782 sint
372 4726 574 4791 observanda,
584 4725 799 4802 quomodoque
811 4744 845 4782 se
857 4723 966 4805 gerat.)

141 4796 248 4884 Vtrsjo
270 4828 451 4887 Germanica
479 4849 515 4887 ex
543 4830 683 4887 idiomate
711 4830 965 4904 Franco-gallico.

142 4901 398 5009 Herausgegeben
414 4953 473 4992 von
489 4935 653 5011 Christoph
670 4935 792 5009 Bengel.
813 4949 825 4991 1
845 4934 904 4991 vol.
922 4933 965 4991 8⁰.

142 5002 279 5104 vielltine,
301 5035 392 5112 1782,
410 5042 489 5115 typis
505 5037 727 5097 Sonnleithner.

227 5139 275 5199 ΙΙΙ.
307 5142 372 5199 Des
402 5143 502 5200 Herrn
529 5142 607 5200 Abts
634 5143 749 5200 Racine
780 5142 966 5216 Kirchenge·

143 5222 278 5304 sthichte.
293 5244 323 5325 (i.
339 5264 366 5303 e.
379 5246 532 5305 Historiae
545 5248 772 5305 ecclesiasticae
786 5247 899 5303 Racine
911 5245 965 5303 ab·

144 5315 220 5402 harig
238 5352 265 5407 in
285 5351 417 5426 linguam
434 5352 644 5409 Germanicam
661 5348 785 5430 tersio.)
808 5351 892 5408 Nach
913 5349 967 5406 der

145 5442 242 5522 neuen,
264 5458 318 5512 mit
343 5457 461 5532 einigen
482 5457 717 5530 Anmerkungen
740 5455 798 5512 und
819 5457 966 5512 Zusatzen

1048 795 1138 870 1783,
1159 796 1238 872 apud
1255 797 1397 853 Ioannem
1413 796 1510 852 David
1528 797 1666 885 Horling,
1689 796 1872 871 typograph.

1043 916 1073 974 3.
1090 901 1138 958 ed.
1160 899 1327 975 1790-96
1344 900 1415 958 ibid.

1130 1065 1223 1139 Lidl
1245 1077 1530 1159 Ildephonsus
1555 1078 1588 1154 (a
1610 1095 1636 1138 s,
1658 1076 1783 1139 Petro
1806 1075 1875 1140 Sa-

1044 1195 1251 1278 lisburgi),
1274 1194 1402 1279 Styrus
1424 1216 1471 1259 ex
1486 1196 1745 1276 Rottenmann,
1771 1206 1875 1259 natus

1050 1339 1096 1398 17.
1113 1318 1201 1400 Apr.
1224 1322 1313 1399 1736,
1331 1318 1486 1382 novitius
1504 1323 1554 1383 28.
1572 1319 1665 1400 Aug.
1689 1322 1778 1398 1755,
1802 1337 1875 1381 mo-

1045 1443 1179 1504 nachus
1196 1440 1378 1523 professus
1397 1462 1446 1520 29.
1465 1442 1558 1523 Aug.
1581 1445 1671 1520 1756,
1689 1452 1875 1523 neomysta

1047 1585 1096 1627 22.
1115 1564 1202 1644 Apr.
1221 1568 1310 1643 1759.
1328 1563 1454 1627 Finitis
1471 1564 1597 1628 studiis
1613 1563 1823 1645 theologicis
1840 1571 1876 1624 et

1047 1685 1202 1748 iuridicis
1216 1706 1261 1749 ex
1274 1697 1425 1769 utroque
1439 1686 1513 1750 iure
1527 1687 1749 1749 examinatus
1763 1695 1799 1748 et
1811 1703 1876 1766 pro

1047 1826 1211 1888 suprema
1238 1809 1360 1871 laurea
1388 1810 1609 1890 approbatus
1636 1808 1735 1870 varia
1759 1806 1877 1870 officia
1949 1849 1955 1857 -

1047 1938 1120 1991 tum
1138 1930 1343 2012 domestica,
1360 1930 1411 1992 uti
1425 1931 1632 1994 catechetae
1650 1940 1685 1992 et
1702 1928 1875 2011 praefecti

1048 2053 1190 2115 scholae
1215 2055 1442 2135 domesticae,
1471 2054 1673 2135 repetitoris
1701 2054 1874 2115 iuniorum

1048 2173 1082 2235 in
1100 2173 1174 2236 iure
1190 2184 1352 2257 utroque,
1375 2187 1449 2239 tum
1467 2187 1615 2238 externa
1637 2176 1687 2237 uti
1709 2195 1877 2256 coopera-

1048 2295 1134 2358 toris
1162 2296 1196 2358 in
1225 2297 1408 2378 Abtenau,
1435 2297 1648 2379 professoris
1675 2297 1876 2379 theologiae

1049 2419 1233 2481 domestici
1259 2419 1293 2482 in
1318 2420 1540 2484 monasteriis
1557 2421 1603 2483 ad
1622 2440 1647 2483 s
1665 2420 1876 2483 Michaelem

1048 2539 1166 2602 Burae
1187 2551 1223 2604 et
1243 2543 1289 2604 ad
1306 2542 1463 2606 sVitum
1481 2543 1515 2605 111
1531 2543 1686 2605 Bavaria
1703 2552 1738 2605 et
1754 2542 1877 2606 vicarii

1048 2663 1239 2743 parochiae
1260 2664 1294 2726 in
1311 2664 1503 2728 Dornbach
1527 2665 1646 2727 subire
1670 2664 1786 2727 iussus
1811 2675 1876 2729 est.

1049 2785 1154 2848 Anno
1176 2791 1255 2864 1778
1279 2790 1307 2847 b.
1325 2783 1425 2868 Sept.
1447 2806 1612 2868 suprema
1632 2806 1658 2850 s.
1675 2787 1876 2870 theologiae

1047 2907 1168 2969 laurea
1185 2909 1372 2971 decoratus
1396 2927 1461 2989 per
1486 2914 1504 2970 d
1526 2928 1638 2971 annos
1659 2910 1876 2992 theologiam

1048 3031 1214 3092 moralem
1232 3040 1268 3093 et
1283 3031 1498 3111 pastoralem
1515 3031 1549 3094 in
1564 3031 1657 3094 univ.
1672 3030 1800 3095 Salisb.
1815 3035 1876 3095 do-

1047 3151 1129 3214 cuit.
1154 3149 1253 3214 Obiit
1270 3170 1298 3215 2.
1315 3151 1378 3214 Iul.
1401 3156 1489 3215 1808.
1516 3151 1682 3234 Scripsit:

1133 3295 1155 3351 l.
1177 3295 1277 3369 Frage
1298 3294 1339 3351 ob
1359 3295 1413 3353 der
1429 3296 1644 3353 Mdnchsstand
1662 3297 1737 3353 Gott
1753 3297 1878 3373 geiallig

1048 3398 1106 3455 und
1123 3399 1178 3455 der
1194 3399 1276 3455 Wclt
1292 3401 1420 3457 ndtzlich
1437 3397 1501 3457 sei?
1523 3403 1578 3458 Mit
1594 3404 1690 3458 einem
1707 3402 1825 3459 sichern
1841 3402 1876 3478 Ja

1047 3502 1247 3559 beantwortet
1272 3504 1365 3560 wider
1392 3504 1440 3561 die
1467 3504 1614 3562 lieblosen
1638 3504 1875 3562 bldnchsleinde.

1047 3603 1076 3684 (i.
1094 3626 1120 3664 e.
1137 3606 1232 3664 Estne
1249 3608 1328 3663 utilis
1346 3621 1442 3665 status
1458 3609 1619 3684 religiosus
1636 3606 1777 3688 11111111οὲ)
1803 3608 1875 3666 Sine

1046 3714 1115 3770 loco
1133 3726 1162 3769 et
1178 3715 1296 3770 nomine
1317 3727 1407 3788 1771.
1425 3712 1467 3772 8⁰.
1485 3729 1546 3788 259
1564 3733 1594 3790 p.

1132 3837 1169 3893 ll.
1188 3837 1333 3893 Doctrina
1350 3837 1471 3893 moralis
1484 3837 1521 3893 dc
1534 3839 1723 3893 restitutione
1736 3836 1876 3912 publicae

1046 3942 1254 3997 exercitationi
1276 3943 1425 4017 exposita.
1449 3939 1635 4017 Salisburgi‚
1660 3943 1754 4016 Mayr.
1784 3956 1874 4014 1779.

1046 4050 1089 4117 4⁰.
1110 4043 1127 4101 8
1146 4063 1175 4120 p.

1132 4149 1185 4205 111.
1202 4147 1398 4205 Assertiones
1414 4149 1746 4224 theologico-morales
1768 4149 1805 4205 de
1824 4168 1875 4206 ac·

1046 4266 1126 4308 tuum
1142 4253 1337 4310 humanorum
1353 4267 1459 4309 natura
1472 4271 1639 4328 eorumque
1654 4254 1696 4308 in·
1710 4266 1739 4309 et
1752 4266 1876 4310 externa

1047 4355 1160 4431 regula.
1178 4354 1252 4413 Ibid.
1274 4371 1363 4430 1779.
1382 4363 1425 4429 4⁰.
1450 4372 1484 4412 12
1504 4375 1532 4432 p.

1132 4478 1182 4534 IV.
1200 4477 1228 4532 Τ
1231 4478 1392 4534 rauerredc
1415 4477 1469 4534 auf
1487 4478 1650 4545 Antonius,
1676 4476 1737 4534 Abt
1760 4499 1795 4534 zu
1819 4480 1875 4534 hli-

1045 4580 1246 4640 chaelbaiern.
1264 4579 1390 4659 (Concio
1404 4579 1559 4660 funebris.)
1576 4582 1734 4657 Salzburg,
1749 4582 1874 4639 Prodid-

1045 4707 1110 4763 ger.
1133 4685 1222 4759 1783.
1240 4686 1305 4742 Fol.
1328 4701 1364 4759 19
1381 4705 1410 4762 p.

1132 4808 1167 4864 V.
1204 4807 1472 4883 Wundersprdche
1508 4827 1631 4865 unserer
1666 4808 1875 4883 ausgekldrten

1046 4915 1159 4970 Zeiren.
1188 4909 1218 4989 (i.
1241 4931 1267 4971 e.
1290 4913 1401 4971 Edicta
1425 4913 1604 4970 miraculosa
1629 4913 1761 4998 moderni
1786 4913 1874 4991 aeti.)

1047 5016 1205 5075 Gedruckt
1226 5019 1277 5073 mit
1293 5016 1600 5093 presslreiheitlichen
1617 5016 1776 5074 Schriften.
1803 5017 1873 5074 Sine

1046 5125 1164 5179 nomine
1181 5136 1211 5178 et
1226 5122 1305 5179 loc0.
1331 5120 1421 5195 1783.
1439 5120 1484 5179 8⁰.
1502 5119 1542 5193 38
1559 5139 1588 5196 p.

1133 5245 1183 5301 VI.
1206 5244 1290 5301 Lob·
1312 5243 1370 5300 und
1387 5242 1559 5301 Sittenrede
1583 5262 1629 5299 am
1652 5244 1677 5299 F
1679 5257 1796 5318 esttage
1821 5244 1874 5300 des

1046 5349 1085 5405 hl.
1102 5348 1260 5424 Augustin,
1284 5349 1543 5405 Kirchenlehrers.
1564 5344 1593 5424 (i.
1612 5366 1638 5404 e.
1655 5348 1772 5404 Concio
1793 5348 1875 5405 lesti-

1046 5454 1122 5510 valis
1136 5455 1164 5508 in
1178 5453 1321 5509 honorem
1333 5471 1357 5510 s.
1367 5450 1549 5529 Augustini.)
1559 5450 1717 5528 Salzhnrg,
1733 5451 1822 5527 1783.
1833 5451 1874 5510 8⁰.
