4034 6262
930 531 972 540 —
1017 493 1137 558 CXIV
1184 533 1224 541 -

214 730 353 782 constat
382 719 605 798 luculentius,
634 730 804 801 quantum
834 719 1056 784 abhorruerit
1079 741 1100 783 a
1123 721 1416 785 scholasticorum
1438 723 1552 806 gerris
1576 732 1612 786 et
1636 723 1757 807 nugis,
1788 745 1894 806 quae
1962 747 1986 811 j,

214 879 313 941 spem
336 858 475 922 futurae
499 859 688 922 oblivionis
710 859 989 940 perdiscuntur.“

342 998 443 1079 Quae
467 1009 591 1081 egerat
614 997 820 1078 GerbertuS,
844 997 1049 1080 Stephanus
1072 999 1374 1079 Rautenstrauch,
1398 1001 1526 1063 Abbas
1549 1002 1808 1066 eruditissimus
1831 1002 1959 1073 Bran.

213 1137 401 1216 naviensis,
425 1136 460 1198 in
484 1137 666 1200 Austriam
690 1137 879 1201 transtulit.
926 1137 961 1200 Is
988 1157 1069 1217 1774
1092 1158 1221 1201 novam
1244 1138 1447 1222 theologiae
1477 1140 1661 1203 docendae
1690 1141 1782 1203 viam
1814 1162 1948 1225 propo

213 1276 293 1354 suit,
318 1295 409 1357 quae
433 1275 639 1338 assensione
662 1275 910 1357 episcoporum
935 1284 970 1338 et
993 1275 1129 1338 Mariae
1146 1275 1338 1339 Theresiae
1361 1276 1598 1358 imperatricis
1622 1282 1851 1361 comprobata
1870 1289 1942 1343 est.

214 1417 339 1497 Itaque
367 1414 485 1477 studia
507 1413 709 1496 theologica
732 1413 781 1475 ita
805 1414 1090 1495 instituebantur,
1116 1425 1154 1477 ut
1177 1415 1366 1496 disciplina
1390 1417 1593 1499 dogmatica
1617 1426 1653 1480 et
1676 1418 1826 1498 moralis,
1847 1431 1939 1500 quae

215 1574 261 1617 ex
283 1553 393 1616 sacris
416 1553 543 1615 litteris
567 1563 603 1615 et
626 1551 769 1633 scriptis
793 1572 820 1615 s.
836 1541 986 1614 Patrum
1004 1552 1164 1615 adhibita
1186 1553 1450 1618 hermeneutica
1473 1565 1510 1617 et
1532 1555 1736 1638 patrologia
1750 1550 1942 1618 haurienda

214 1702 320 1774 esset,
344 1691 472 1755 deinde
495 1692 550 1754 ius
574 1691 780 1755 canonicum
804 1711 883 1754 cum
906 1693 1073 1775 generale
1098 1702 1172 1756 tum
1187 1693 1379 1776 singulare,
1403 1705 1476 1757 tum
1500 1695 1682 1778 theologia
1706 1704 1945 1762 controversa,

214 1841 393 1914 postremo
424 1829 614 1911 pastoralis
645 1830 879 1893 traderentur.
919 1831 1115 1913 Theologia
1144 1832 1315 1912 pastorali
1345 1831 1585 1896 institutiones
1616 1834 1794 1897 orationes
1822 1842 1951 1896 sacraS

213 1969 377 2051 habendi,
401 1988 427 2031 S.
453 1977 674 2032 sacramenta
697 1968 984 2050 administrandi,
1016 1989 1136 2032 sacras
1164 1971 1383 2034 ceremonias
1414 1971 1480 2035 rite
1508 1971 1733 2054 perficiendi,
1765 1973 1850 2036 ratio
1876 1963 1955 2054 pie

214 2107 357 2171 vivendi
388 2107 661 2170 continerentur.
706 2107 773 2169 His
804 2116 984 2189 tamquam
1016 2107 1225 2190 disciplinae
1257 2109 1449 2173 adiutrices
1480 2110 1760 2194 adiungerentur
1791 2111 1980 2175 studium.

215 2245 376 2310 Graecae
393 2255 429 2309 et
445 2245 668 2308 orientalium
680 2245 881 2328 linguarum
894 2257 1002 2327 atque
1015 2246 1162 2309 historia
1178 2247 1350 2310 ecclesiae
1367 2259 1404 2312 et
1418 2248 1615 2313 litterarum
1627 2249 1919 2332 theologicarum
1933 2240 1965 2317 ¹)-

343 2387 442 2449 Haec
474 2385 791 2449 Rautenstrauchii
822 2356 928 2465 ratio,
962 2405 1053 2468 quae
1087 2386 1215 2449 leviter
1249 2397 1386 2450 mutata
1418 2386 1524 2451 etiam
1564 2388 1694 2450 nostris
1729 2387 1968 2468 temporibus

213 2526 340 2590 studiis
363 2524 574 2607 theologicis
598 2524 632 2586 in
649 2524 796 2587 Austria
819 2523 1086 2588 fundamentum
1103 2536 1168 2606 est,
1191 2525 1227 2588 in
1244 2525 1406 2589 omnibus
1422 2527 1555 2589 ordinis
1571 2527 1712 2606 scholis,
1737 2546 1827 2609 quae
1843 2528 1971 2588 erant

214 2666 248 2728 in
278 2664 427 2747 imperio
451 2663 661 2743 AustriacO,
693 2663 839 2725 inducta
869 2673 925 2725 est
954 2683 1109 2746 moxque
1139 2664 1175 2726 in
1206 2664 1356 2746 singulis
1388 2664 1550 2746 partibus
1581 2667 1782 2748 complures
1813 2657 1973 2728 ordinis

214 2804 355 2866 sodales
379 2803 562 2866 doctrinae
586 2801 680 2864 fama
704 2801 880 2865 nobilitati
903 2811 995 2865 sunt.

345 2941 417 3006 Sed
440 2953 560 3004 tamen
583 2942 629 3004 ad
652 2943 743 3004 hanc
767 2940 1060 3004 instaurationem
1083 2961 1177 3004 nova
1193 2943 1368 3023 quaedam
1385 2954 1622 3023 accesserunt,
1641 2962 1742 3024 quae,
1761 2943 1975 3025 quominus

216 3082 334 3146 studia
367 3080 570 3163 theologica
604 3079 752 3142 laetiora
783 3089 953 3161 caperent
987 3080 1222 3161 incrementa,
1258 3082 1460 3145 obstabant.
1506 3082 1632 3164 Neque
1669 3102 1754 3145 vero
1790 3084 1874 3145 haec
1933 3075 1974 3136 in

216 3220 533 3285 Rautenstrauchii
557 3219 713 3282 consiliis
736 3231 846 3283 erant.
884 3219 953 3302 Qui
975 3220 1030 3282 vir
1052 3222 1188 3301 doctus,
1213 3240 1283 3302 quo
1304 3230 1449 3284 auctore
1472 3220 1662 3302 disciplina
1685 3221 1872 3303 pastoralis
1908 3215 1976 3276 in·

217 3362 325 3425 ducta
360 3369 431 3438 est,
467 3379 681 3442 quamquam
714 3370 913 3441 temporum
943 3359 1099 3421 moribus
1130 3361 1320 3423 tenebatur
1351 3369 1387 3423 et
1418 3380 1575 3423 summae
1607 3359 1747 3441 imperii
1779 3344 1974 3442 potestati

216 3498 373 3579 favebat,
396 3510 516 3563 tamen
539 3498 624 3561 nihil
648 3498 715 3562 nisi
739 3498 774 3560 id
798 3498 990 3578 contendit,
1014 3509 1053 3561 ut
1076 3498 1232 3562 studium
1254 3498 1457 3582 theologiae
1481 3498 1516 3560 in
1542 3498 1690 3562 Austria
1714 3508 1898 3562 cresceret
1936 3497 1975 3547 et

217 3636 369 3701 floreret.
400 3638 490 3700 Tum
509 3656 605 3716 vero,
630 3656 709 3699 cum
725 3647 778 3699 tot
793 3636 1008 3699 monasteria
1031 3638 1205 3718 obpressa
1228 3646 1265 3700 et
1289 3636 1323 3699 in
1347 3637 1399 3717 iis,
1425 3655 1516 3717 quae
1533 3647 1754 3719 supererant,
1778 3634 1974 3700 sodalium

217 3795 383 3840 numerus
415 3776 506 3839 adeo
536 3775 738 3838 deminutus
769 3784 874 3855 esset,
908 3785 947 3837 ut
978 3773 1105 3837 officiis
1129 3775 1283 3837 muneris
1307 3774 1540 3837 ecclesiastici
1563 3775 1738 3838 obeundis
1760 3775 1823 3838 vix
1845 3779 1974 3855 pares

218 3926 349 3997 essent,
372 3934 453 3977 cum
468 3913 684 3976 monasteria
699 3912 837 3995 magnis
854 3911 1054 3995 sumptibus
1077 3923 1114 3976 et
1136 3912 1281 3976 iacturis
1301 3921 1448 3996 propter
1467 3914 1562 3975 bella
1581 3933 1661 3975 cum
1685 3898 1972 3976 Franco-Gallis

218 4064 322 4138 gesta
343 4053 527 4133 exhausta,
552 4052 735 4115 academia
751 4051 1035 4135 Salisburgensis
1052 4051 1194 4132 abolita,
1219 4051 1371 4115 ecclesia
1387 4051 1562 4116 catholica
1578 4055 1625 4114 ab
1641 4052 1790 4134 imperio
1812 4056 1970 4134 regere

218 4205 274 4257 tur
297 4213 339 4255 ac
362 4193 631 4274 gubernaretur,
661 4189 738 4253 fieri
765 4202 835 4253 non
867 4189 994 4272 potuit,
1027 4201 1066 4253 ut
1091 4190 1208 4253 studia
1231 4189 1433 4272 theologica
1457 4210 1479 4251 a
1501 4191 1685 4254 sodalibus
1709 4202 1745 4254 et
1769 4187 1910 4253 ordinis
1948 4195 1966 4235 ⁸·

218 4332 406 4396 Benedicti
431 4342 467 4393 et
490 4329 576 4394 cleri
597 4329 751 4392 universi
777 4347 829 4409 ea,
854 4349 924 4410 qua
947 4330 1148 4412 oportebat,
1179 4349 1263 4392 cura
1287 4330 1495 4392 colerentur.
1539 4329 1670 4394 Nostra
1697 4334 1839 4394 tandem
1862 4335 1963 4388 tern-

219 4490 317 4552 pora,
341 4480 379 4533 ut
402 4469 438 4532 in
461 4469 551 4548 aliis,
574 4467 610 4529 in
633 4467 687 4529 his
711 4486 852 4548 quoque
876 4469 984 4529 rebus
1007 4478 1089 4530 sunt
1112 4467 1268 4530 meliora.

349 4607 519 4689 Quamvis
543 4617 702 4688 tempora
726 4604 857 4668 fuerint
873 4615 946 4668 tam
962 4607 1124 4686 adversa,
1140 4606 1235 4668 haud
1252 4606 1357 4688 pauci
1373 4607 1567 4689 scriptores
1583 4609 1753 4691 operibus
1771 4608 1838 4671 suis
1853 4608 1959 4665 bene

220 4747 335 4810 meriti
358 4758 449 4811 sunt.
488 4747 706 4809 Tractabant
731 4745 937 4826 disciplinas
960 4745 1198 4827 theologicas:
1223 4745 1398 4808 Martinus
1415 4745 1568 4809 lierbert
1593 4749 1637 4809 de
1658 4748 1828 4821 Homau²l
1848 4743 1961 4805 eivs·

222 4906 289 4966 que
317 4888 467 4965 sodaleS,
496 4885 662 4947 Firtanus
686 4883 816 4945 Linder
845 4894 880 4944 et
904 4882 1124 4944 Aemilianus
1148 4882 1380 4953 Ussermann,
1412 4894 1561 4965 uterque
1592 4885 1720 4946 studiis
1749 4885 1869 4964 linguar
1883 4885 1964 4933 mn

223 5023 486 5102 clarissimus³);
528 5024 691 5084 Andreas
724 5021 948 5085 Oberleitner
979 5022 1178 5097 Scotensis,
1210 5021 1410 5103 linguarum
1441 5025 1663 5086 orientalium
1696 5022 1876 5101 investigat.
1932 5021 1972 5067 0¹³

353 5216 373 5294 ¹)
400 5219 539 5280 Werncr,
563 5216 746 5271 (ieschichte
771 5216 824 5270 cler
848 5216 928 5272 kath.
954 5216 1134 5287 'l'heologic

351 5328 372 5406 2)
397 5331 526 5385 Werncr
550 5331 567 5384 l.
593 5351 617 5383 r.

400 5442 445 5495 lle
470 5440 612 5513 operibus
637 5441 847 5496 monachorum
875 5444 902 5496 in
925 5441 981 5495 hac
1007 5453 1090 5513 parte
1115 5456 1354 5498 enumeratorum
1380 5442 1416 5498 cl.
1442 5447 1605 5519 scriptores
1630 5446 1651 5500 l.
1675 5445 1710 5500 ΙΙ.
