4088 6270
820 511 1101 577 -421-

179 695 200 749 l.
213 693 395 767 Eloquentia
409 707 489 748 muta
502 697 570 749 novi
582 693 696 751 Abelis,
715 696 772 751 Die
785 694 920 753 Stumme

139 798 314 854 ·edsamkeit
335 800 418 853 eines
442 817 539 853 neuen
556 797 670 865 Abelis,
688 799 742 854 des
759 800 919 874 Weyland,

139 902 322 976 'hwfirdigen
340 900 724 959 Hoch-Edel·Gebohrnen
741 903 800 959 und
816 904 920 960 Hoch·

139 1009 244 1064 :hrten
266 1007 365 1062 Herrn
386 1007 486 1061 Herrn
503 1007 621 1074 Killani‚
644 1008 736 1063 Eines
759 1007 919 1064 Hochlobl.

139 1130 186 1184 y·
198 1111 254 1166 und
264 1111 434 1185 Exempten
448 1109 543 1166 Stiflts
556 1110 615 1165 und
627 1111 764 1168 Closters
774 1111 818 1168 St.
830 1112 919 1166 Lam·

139 1216 197 1271 :ht
215 1217 243 1270 in
263 1213 484 1288 Ober·Steyer,
507 1215 563 1269 wie
578 1215 654 1269 auch
671 1235 707 1270 zu
723 1215 918 1280 illaria-Geli

139 1320 285 1393 rdigsten
309 1316 461 1384 Abbtens‚
487 1317 637 1374 Probsten
660 1339 695 1373 zu
719 1319 835 1375 Assentz
860 1318 919 1374 und

139 1443 203 1490 ier,
230 1423 284 1478 der
307 1423 394 1477 Rom.
417 1423 500 1477 Kais
525 1422 664 1496 Majestait
690 1432 747 1480 etc'.
774 1437 831 1479 etc.
861 1423 919 1478 und

139 1545 154 1579 ι
185 1526 367 1583 Hochh'irstl.
394 1526 520 1582 Gnaden
545 1526 714 1582 Bischoflen
741 1547 775 1582 zu
805 1530 919 1583 Passau

162 1646 217 1688 etc.
234 1633 406 1706 respective
423 1630 588 1686 Geheimen
605 1631 694 1697 Rath,
711 1631 844 1686 Erstlich
860 1651 920 1687 von

139 1754 186 1792 :m
205 1735 403 1800 zahlreichen,
425 1734 728 1791 Hochansehnlichen
749 1735 919 1801 Auditori0‚

139 1842 223 1896 :incr
246 1839 423 1912 schuldigen
450 1836 532 1893 Lob·
560 1837 618 1892 und
647 1838 834 1894 Leieh-Red
863 1839 920 1895 den

160 1942 314 2000 Februarii
332 1943 419 1998 Anno
442 1956 519 2014 1737
538 1960 598 1997 von
615 1941 801 1999 offentlicher
816 1943 920 1999 Cantzl

140 2061 303 2121 getragen,
314 2049 380 2103 Nun
392 2044 466 2102 aber
475 2045 541 2102 dem
552 2046 807 2120 Hochwiirdigen‚
817 2047 920 2103 Hoch-

139 2197 141 2200 ,
172 2151 421 2225 Wohlgebornen
444 2150 520 2205 auch
545 2151 793 2224 Hochgelehrten
820 2151 920 2206 Herrn

139 2273 189 2312 rrn
205 2257 355 2329 Eugenio,
380 2255 443 2309 Aus
460 2254 513 2309 der
530 2253 702 2326 hochgrasl.
720 2255 843 2309 Familia
860 2272 919 2310 von

139 2361 208 2434 aghi
226 2373 283 2415 etc.
302 2373 358 2414 etc.
381 2357 413 2414 S.
431 2358 539 2413 Theoi.
558 2359 696 2423 Doctori,
713 2357 919 2431 Wiirdigsten,

139 2464 328 2520 uErwahlten
348 2464 448 2518 Herrn
469 2462 567 2517 Herrn
585 2461 733 2528 Pralatem
747 2475 804 2518 etc.
827 2463 920 2517 Dedi·

139 2568 230 2624 ctund
245 2565 483 2641 zugeschrieben
492 2586 552 2622 von
563 2567 594 2622 P.
602 2568 634 2622 B.
642 2565 674 2622 S.
682 2566 757 2623 Ord.
765 2566 836 2622 S.B.
847 2567 920 2622 Pro·

140 2691 187 2728 sor
195 2693 229 2728 zu
239 2672 381 2729 Admont.
396 2672 469 2727 Cum
481 2671 599 2726 licentia
609 2673 808 2745 superiorum.
820 2667 919 2744 Steyr,

139 2775 235 2831 lruclrt
248 2773 296 2830 bei
311 2774 429 2850 Johann
441 2771 538 2848 Jakob
551 2774 635 2848 Jahn.
650 2774 918 2830 MDCCXXXVII.

142 2880 187 2936 lio.

174 3002 211 3058 Il.
234 3002 373 3057 Christus
390 3000 581 3072 theologicae
599 3018 749 3074 expensus
773 3001 837 3053 sive
859 2997 919 3054 dis·

141 3109 267 3162 tationes
279 3104 469 3178 theologicae
479 3103 919 3178 dogmatico-polemico-scho-

139 3214 210 3267 :icae
238 3210 276 3266 de
303 3208 398 3265 verbo
426 3223 456 3264 et
479 3206 574 3264 uerbo
603 3210 766 3263 incarnato.
798 3208 871 3263 Pars
896 3209 918 3262 l.

139 3318 224 3371 ristus
240 3313 376 3370 verbum.
399 3314 530 3377 Craticii,
549 3314 628 3387 typis
646 3310 816 3367 Haeredum
833 3311 872 3366 W
876 3311 919 3366 id·

139 3420 275 3485 nnstadii‚
298 3433 387 3491 1754.
405 3436 450 3491 gr.
469 3423 510 3489 4⁰.

173 3543 224 3597 lll.
246 3540 367 3595 'l‘heses
391 3559 428 3594 ex
449 3540 589 3593 universa
614 3536 767 3610 theologia
792 3536 918 3609 dogma·

139 3642 561 3721 ›polemico-scholastica,
594 3640 756 3696 secundum
787 3656 918 3696 mentem

139 3750 213 3820 [elici
235 3748 371 3804 doctoris
389 3747 457 3801 Divi
475 3746 612 3801 Thomae
629 3745 797 3818 Aquinatis
821 3742 918 3799 Grae·

180 3856 261 3928 typis
299 3850 471 3906 Haeredum
513 3848 782 3913 Widmannstadii,
828 3862 917 3920 1754.

148 3965 193 4031 4⁰.

172 4084 394 4159 Schreiber
425 4095 644 4158 Chilianus
680 4095 919 4175 (Lamberti-

142 4217 184 4295 s),
209 4225 314 4276 natus
339 4224 393 4276 est
419 4215 454 4276 in
478 4214 675 4275 Neumarkt
700 4213 842 4296 Styriae
872 4234 918 4274 10.

139 4337 172 4399 tii
194 4341 285 4416 1730,
306 4355 443 4397 sacrum
467 4336 600 4398 ordinis
623 4337 782 4397 habitum
806 4335 920 4397 induit

144 4458 363 4520 monasterio
388 4478 415 4519 s,
438 4458 618 4519 Lamberti
643 4463 694 4520 30.
712 4459 801 4535 Aug.
829 4461 919 4536 1750,

139 4635 141 4642 .
164 4583 272 4661 plene
296 4601 334 4642 se
356 4580 495 4641 addixit
511 4580 605 4641 votis
623 4580 850 4641 sollemnibus
872 4599 918 4656 17.

139 4713 186 4784 pt.
215 4707 305 4781 1751.
337 4703 524 4764 Absolutis
550 4703 583 4763 in
606 4703 683 4783 ipso
704 4700 919 4762 monasterio

143 4824 212 4886 diis
240 4825 453 4905 theologicis
481 4825 631 4905 primam
658 4824 737 4884 Deo
766 4823 918 4884 hostiam

139 4946 215 5010 :ulit
236 4945 294 5006 die
313 4967 362 5023 29.
380 4944 480 5025 Sept.
502 4950 592 5023 1751.
617 4981 658 4990 —
682 4945 840 5006 Functus
865 4955 919 5006 est

143 5071 214 5132 nde
228 5087 373 5130 munere
387 5067 509 5129 vicarii
524 5066 558 5128 in
571 5067 802 5149 Wegscheid,
817 5085 919 5145 prae-

141 5192 168 5253 ti
193 5189 425 5252 ferrifodinae
451 5188 485 5250 in
510 5189 612 5250 Piilla
636 5208 748 5269 prope
773 5208 799 5248 s.
817 5187 918 5249 Lam-

139 5324 232 5391 tum,
252 5309 547 5372 administratoris
564 5310 598 5371 in
612 5310 770 5389 Veitsch,
789 5309 917 5371 abhinc

958 4830 961 4879 1

1000 692 1117 755 fessus
1134 705 1170 757 et
1186 697 1353 757 sacerdos
1375 696 1532 760 iubilaris
1555 708 1590 761 et
1612 699 1729 761 senior
1751 721 1830 762 coe-

1000 824 1057 876 tus
1075 815 1131 876 die
1149 821 1199 878 30.
1218 815 1297 879 Oct.
1320 823 1408 880 1812.

1086 936 1199 1018 Typis
1216 938 1327 999 dedit:

1086 1061 1345 1137 Andachtsiibung
1368 1064 1422 1120 der
1447 1065 1637 1121 christlichen
1660 1067 1829 1141 Frbmmig·

999 1165 1061 1220 keit
1077 1186 1112 1220 zu
1130 1165 1230 1222 Ehren
1248 1166 1301 1222 der
1317 1168 1384 1223 heil.
1404 1167 1615 1242 Schutzengel.
1639 1166 1667 1245 (i.
1686 1189 1711 1226 e.
1735 1171 1830 1226 Exer-

1000 1270 1069 1325 citia
1086 1270 1266 1325 christianae
1280 1273 1401 1345 pietatis
1415 1273 1442 1330 in
1456 1273 1600 1328 honorem
1616 1294 1640 1329 s.
1655 1276 1830 1348 angelorum

1000 1370 1180 1451 custodum.)
1194 1374 1260 1430 Von
1271 1373 1318 1430 Sr.
1330 1376 1586 1432 hochliirstlichen
1596 1378 1738 1434 Eminenz
1748 1379 1830 1435 Lud-

999 1479 1059 1549 wig
1076 1477 1186 1542 Russn,
1203 1478 1327 1534 chedem
1345 1481 1533 1555 papstlichen
1551 1483 1677 1538 Nuntius
1694 1501 1740 1537 am
1758 1483 1786 1538 k.
1801 1483 1830 1539 k.

1000 1580 1089 1646 Hoie‚
1107 1581 1187 1637 derz.
1205 1582 1390 1639 Erzbischol
1404 1586 1431 1640 in
1448 1585 1572 1660 Neapel.
1597 1585 1661 1641 Aus
1683 1586 1748 1641 dem
1771 1587 1830 1642 lta·

936 1708 939 1713 ·
1000 1685 1162 1740 lienischcn
1187 1688 1231 1740 ins
1256 1688 1409 1744 Deutsche
1435 1686 1587 1745 iibersctzt
1612 1709 1671 1745 von
1696 1691 1727 1746 P.
1754 1690 1830 1746 Chil.

1000 1787 1172 1846 Schreibcr.
1199 1790 1297 1856 Wien,
1322 1791 1472 1865 gedruckt
1497 1792 1545 1849 bei
1566 1794 1591 1869 J.
1610 1794 1668 1851 Th.
1688 1795 1754 1851 Edl.
1773 1814 1830 1850 von

1000 1894 1173 1951 Trattnern.
1196 1892 1285 1966 1804.
1304 1893 1346 1951 8⁰.
1366 1910 1425 1968 205
1445 1916 1474 1972 p.

1087 2022 1250 2095 Schroll
1266 2034 1381 2097 Beda
1395 2034 1752 2119 (San-Paulanus),
1770 2059 1830 2100 na·

1000 2158 1057 2210 tus
1077 2160 1131 2210 est
1152 2149 1312 2230 Iglaviae
1336 2152 1371 2213 in
1393 2152 1555 2215 Moravia
1579 2155 1637 2216 die
1664 2175 1709 2232 17.
1728 2154 1829 2235 Sept.

1005 2276 1098 2343 1823;
1123 2291 1149 2334 s.
1166 2272 1290 2333 habitu
1307 2272 1451 2335 indutus
1469 2274 1525 2336 die
1545 2296 1595 2352 24.
1613 2274 1713 2355 Sept.
1735 2281 1830 2354 1844;

1000 2392 1218 2454 sollemniter
1242 2393 1426 2474 professus
1451 2395 1507 2457 die
1533 2401 1582 2458 26.
1609 2395 1708 2476 Sept.
1735 2402 1830 2477 1847;

1001 2514 1167 2575 sacerdos
1180 2512 1363 2574 ordinatus
1377 2515 1434 2576 die
1449 2521 1498 2577 ab.
1512 2516 1574 2578 Iul.
1594 2522 1684 2596 1849.
1703 2517 1829 2581 Studio

1000 2630 1202 2716 theologiae
1227 2634 1261 2695 in
1287 2637 1389 2716 lyceo
1415 2635 1701 2719 Clagenfurtensi
1727 2643 1831 2702 abso-

1000 2757 1084 2835 luto,
1107 2775 1189 2816 mox
1207 2755 1242 2817 in
1258 2758 1445 2838 gymnasio
1463 2756 1727 2823 San-Paulano
1749 2781 1831 2842 sup-

999 2879 1102 2958 plens
1125 2879 1278 2940 docebat
1298 2879 1482 2941 historiam
1506 2890 1542 2942 et
1562 2883 1830 2964 geographiam,

1001 3009 1037 3060 et
1061 2999 1224 3060 examine
1249 2999 1316 3061 rite
1344 3001 1473 3081 subit0,
1498 3002 1679 3082 professor
1703 3025 1831 3085 appro-

999 3122 1107 3181 batus
1124 3132 1159 3181 et
1179 3122 1270 3182 bene
1292 3142 1432 3185 merens
1455 3127 1598 3187 easdem
1625 3127 1831 3209 disciplinas

1001 3252 1036 3304 et
1049 3244 1206 3324 linguam
1220 3240 1469 3307 Germanicam
1483 3257 1556 3308 turn
1569 3251 1615 3309 ad
1629 3268 1655 3311 s,
1669 3249 1830 3328 Paulum,

999 3374 1072 3426 tum
1101 3363 1135 3425 in
1165 3365 1354 3445 gymnasio
1382 3365 1670 3449 Clagenfurtensi
1700 3371 1831 3432 'docere

999 3489 1175 3569 pergebat
1199 3506 1312 3567 usque
1338 3489 1383 3549 ad
1409 3509 1537 3551 annum
1567 3496 1663 3569 1871,
1692 3511 1737 3552 ex
1761 3512 1831 3572 quo

999 3609 1182 3689 praedium
1211 3608 1245 3668 in
1274 3608 1477 3672 Eberndorf
1501 3612 1734 3675 administrat.
1770 3612 1831 3673 Ad

1000 3751 1025 3792 s.
1043 3732 1192 3792 Paulum
1211 3729 1314 3791 simul
1331 3741 1407 3793 erat
1428 3732 1655 3811 archivariuS,
1677 3743 1830 3794 secreta-

999 3852 1071 3914 rius
1092 3853 1234 3914 abbatis
1259 3861 1294 3913 et
1319 3853 1422 3913 aulae
1446 3853 1663 3934 praefectus;
1688 3865 1761 3915 tum
1786 3856 1831 3916 ad

889 4017 892 4024 -
999 3995 1025 4035 s.
1048 3974 1197 4035 Paulum
1221 3985 1295 4034 tum
1319 3972 1354 4034 in
1380 3974 1582 4036 Eberndorf
1607 3976 1780 4036 communi
1811 3996 1831 4036 a

1000 4094 1165 4175 consiliis,
1176 4115 1241 4156 nec
1252 4115 1321 4157 non
1331 4115 1478 4175 praeses
1492 4097 1632 4178 collegii
1643 4117 1716 4159 rem
1730 4099 1831 4159 scho-

999 4217 1055 4277 lae
1072 4218 1288 4278 moderantis
1305 4217 1447 4279 functus
1464 4228 1519 4279 est
1533 4229 1568 4279 et
1580 4218 1740 4300 fungitur
1753 4238 1832 4279 curn

1000 4338 1114 4398 laude.
1146 4338 1338 4400 Praeterea
1364 4349 1419 4401 est
1442 4343 1726 4420 correspondens
1751 4361 1779 4402 c.
1805 4360 1831 4402 r.
1893 4334 1897 4344 '

1000 4460 1183 4522 societatis
1197 4479 1261 4539 pro
1275 4461 1529 4523 conservandis
1545 4462 1701 4543 antiquis
1714 4481 1832 4523 monu-

1000 4581 1138 4661 mentis,
1156 4582 1287 4643 sodalis
1304 4582 1487 4644 societatis
1503 4583 1693 4644 historicae
1711 4581 1831 4645 Carin-

1000 4703 1095 4765 thiae
1112 4712 1147 4764 et
1164 4703 1324 4765 delectus
1342 4705 1387 4764 ad
1405 4705 1685 4785 consultandum,
1700 4704 1831 4766 sodalis

1000 4824 1182 4885 societatis
1195 4824 1386 4886 historicae
1396 4823 1549 4906 Styriae,
1564 4825 1747 4887 societatis
1760 4826 1831 4886 cul-

999 4956 1056 5007 tus
1078 4946 1269 5023 hortorum¹
1295 4945 1492 5027 sylvaticae
1517 4956 1552 5006 et
1577 4947 1739 5027 agrariae
1766 4944 1832 5007 Ca-

999 5067 1160 5145 rinthiae,
1178 5076 1213 5127 et
1230 5067 1438 5148 posterioris
1456 5068 1644 5147 delegatus
1661 5086 1725 5147 pro
1738 5067 1831 5128 valle

998 5188 1153 5268 Iunonis
1170 5186 1362 5249 honorifice
1379 5189 1554 5249 laudatus.

1086 5309 1291 5391 Sequuntur
1317 5309 1450 5389 scripta
1478 5309 1572 5391 eiuS,
1604 5309 1701 5391 typis
1732 5330 1830 5371 man·

139 5431 351 5497 enitentiarii
368 5431 402 5493 in
420 5431 526 5493 Cellis
540 5432 580 5495 B.
592 5432 646 5513 V„
664 5433 723 5493 ubi
737 5431 824 5493 obiit
837 5450 917 5512 pro·
956 5376 959 5511 l
998 5433 1100 5493 data:
