4088 6270
710 521 940 595 ..7-

139 717 243 789 urter,
271 707 363 769 inter
388 706 520 788 primos
547 705 680 768 amicos
711 705 787 767 illu·
866 712 1028 767 coactum
1044 722 1083 765 se
1099 703 1189 766 vidit
1206 703 1460 767 illustrissimus
1476 705 1590 765 abbas
1604 703 1694 766 anti·

139 828 314 909 firistacis,
334 828 457 912 paucis
470 828 595 889 diebus
611 836 694 908 post
712 825 786 888 obi·
866 846 974 907 quum
1007 826 1092 888 illud
1124 824 1324 889 aedificium
1359 826 1516 890 demoliri
1547 826 1694 906 eiusque

144 951 327 1015 historiam
343 951 438 1012 vitae
460 934 618 1012 eiusdem
634 947 786 1011 uberiori

139 1072 342 1155 perscripsit
357 1091 404 1133 ex
417 1071 638 1134 documentis
653 1069 787 1133 archivi

139 1194 325 1257 Viennens.
342 1202 415 1257 tum
432 1212 478 1255 ex
494 1193 628 1256 notitiis
645 1191 786 1254 dictatis

139 1336 190 1379 ius
209 1315 382 1397 patribus,
403 1315 556 1395 denique
577 1335 623 1378 ex
642 1313 786 1394 notitiis,

153 1439 279 1517 norat.)

139 1559 286 1643 ¹negatio
304 1559 606 1622 Mechitharistica
627 1578 661 1637 17
684 1558 786 1620 annis

139 1681 282 1744 itentiae
312 1680 491 1761 Viennae,
519 1679 588 1743 Dei
617 1679 786 1762 Omnipo-

139 1804 319 1884 seratione,
345 1804 525 1884 multoque
540 1804 661 1866 labore
678 1813 714 1866 et
729 1822 786 1865 su-

139 1945 206 1987 um
226 1925 460 1986 membrorum
477 1925 647 2006 paulatim
667 1925 785 1988 melio-

139 2067 174 2110 m
186 2057 301 2127 nacta,
315 2047 384 2110 iarn
394 2057 559 2128 potuerat
572 2048 739 2110 maiorem
751 2048 786 2110 in

139 2189 232 2232 erum
248 2170 467 2232 alumnorum
482 2170 674 2251 suscipere,
692 2171 787 2232 alere

139 2291 391 2374 >ngregatione
420 2292 498 2373 ipsa
528 2293 689 2355 educare.
721 2293 786 2374 Ita,

139 2413 388 2476 illustrissimus
416 2414 577 2476 dominus
603 2415 788 2477 Aristaces

139 2540 281 2598 risuum
304 2537 462 2619 regimen
485 2537 598 2618 iniret,
622 2556 788 2600 numerus

139 2678 185 2721 im
206 2658 378 2720 iuniorum
395 2660 441 2720 ad
463 2679 499 2738 ¹9
516 2658 698 2733 crevisset;
723 2678 788 2721 nec

139 2789 171 2842 at
195 2798 361 2842 numerus
386 2780 592 2842 clericorum
616 2790 653 2843 et
680 2781 789 2843 alum-

139 2901 182 2963 lle
198 2901 281 2963 inde
297 2922 319 2963 a
340 2901 514 2983 principio
535 2902 588 2963 sui
609 2902 789 2984 regiminis

144 3023 284 3085 interna
307 3042 449 3085 suorum
470 3024 665 3086 monastica
686 3024 788 3086 disci-

139 3164 216 3207 nma
244 3145 428 3227 diligentia
455 3156 677 3229 paternaque
704 3167 789 3209 cura

162 3287 342 3348 nunquam
365 3269 583 3352 neglegebat
606 3289 727 3332 eorum
753 3269 789 3331 in

139 3408 324 3472 gressum,
342 3399 414 3453 tam
429 3391 465 3452 in
478 3391 604 3453 studiis
616 3391 789 3473 theologi-

139 3531 147 3572 ι
162 3511 415 3593 philosophicis
432 3522 468 3575 et
488 3513 616 3575 ceteris
632 3514 789 3577 scientiis

139 3632 233 3714 ibus,
272 3644 472 3697 sustentare
510 3644 617 3716 atque
655 3635 788 3698 fovere.

141 3754 212 3817 nim
236 3766 313 3818 erat
332 3757 483 3837 duplicis
501 3754 591 3838 finis,
616 3777 686 3838 quo
706 3759 789 3819 duc-

139 3887 211 3940 ator
242 3879 540 3959 congregationis
577 3879 790 3941 venerabilis

139 4018 168 4060 r.
189 3999 312 4078 abbaS,
334 4018 435 4060 suum
452 4000 610 4062 ordinem
629 4000 789 4062 institue-

148 4121 263 4183 solum
286 4121 421 4183 scilicet
447 4122 685 4186 missionarios
712 4122 788 4184 sive

144 4262 388 4325 praeconesve
408 4241 491 4305 fidei
511 4245 706 4307 catholicae
726 4265 788 4326 pa-

139 4385 207 4427 nim
220 4366 326 4428 etiam
340 4367 560 4429 institutores
573 4377 608 4429 et
618 4387 788 4451 praecep·

139 4487 291 4567 irmandi,
306 4488 365 4569 qui
379 4489 472 4550 domi
486 4499 521 4550 et
533 4488 628 4569 foriS,
641 4489 677 4551 in
689 4492 789 4553 scho-

139 4607 254 4671 titutis
275 4609 496 4672 iuventutem
516 4631 694 4674 armenam
717 4622 789 4674 tam

139 4730 290 4793 moribus
307 4751 413 4811 quam
430 4732 465 4793 in
479 4732 665 4813 disciplina
676 4735 790 4797 varia-

139 4851 284 4915 ntiarum
300 4853 524 4914 instruerent.

139 4995 246 5057 quum
272 4976 524 5037 monasterium
545 4975 615 5037 ΡΡ.
641 4975 790 5058 Capuci·

139 5098 224 5179 luod
244 5099 478 5180 congregatio
503 5118 595 5160 anno
621 5103 702 5161 1810
726 5119 791 5162 sua

149 5218 218 5281 sibi
249 5220 430 5301 proprium
458 5220 609 5301 fecerat,
644 5231 792 5302 propter

139 5360 181 5403 em
196 5350 233 5403 et
252 5341 464 5423 angustiam,
484 5343 579 5405 nullo
597 5345 701 5405 modo
719 5362 791 5405 om·

865 949 943 1011 loco
959 967 1090 1011 novum
1104 948 1281 1030 latiusque
1297 957 1424 1030 patens
1443 947 1694 1011 monasterium

865 1068 1064 1133 aedificare.
1088 1069 1195 1132 Anno
1211 1070 1320 1152 igitur
1340 1074 1420 1132 1836
1436 1069 1549 1152 prima
1568 1068 1695 1131 funda-

865 1201 985 1254 menta
1000 1192 1085 1273 poni
1106 1191 1253 1274 curavit,
1271 1201 1308 1254 et
1325 1202 1407 1274 post
1422 1211 1552 1254 annum
1573 1200 1609 1254 et
1629 1209 1695 1252 sex

865 1332 1006 1376 menses
1018 1332 1108 1395 opus
1120 1314 1331 1396 inchoatum,
1344 1314 1423 1376 Deo
1432 1314 1635 1394 adiuvante,
1648 1313 1695 1374 ad

864 1433 970 1498 finem
982 1436 1142 1498 adduxit.
1164 1436 1255 1499 Novi
1268 1437 1371 1498 huius
1384 1435 1587 1499 monasterii
1599 1454 1694 1517 pars,

865 1557 959 1620 haud
975 1577 1098 1639 parva,
1115 1556 1278 1621 officinae
1292 1557 1576 1642 typographicae
1593 1576 1695 1638 sepa-

865 1680 969 1743 ratim
980 1679 1048 1743 fuit
1060 1680 1248 1743 destinata.
1272 1681 1378 1744 Anno
1395 1684 1474 1759 1837
1487 1680 1543 1742 die
1557 1684 1604 1742 18.
1615 1678 1693 1744 Oct.

865 1799 939 1865 Sua
954 1801 1127 1864 Maiestas
1143 1802 1389 1866 Ferdinandus
1405 1803 1432 1865 Ι.
1449 1801 1617 1865 Austriae
1633 1802 1695 1864 im-

865 1933 1010 2004 perator
1031 1923 1112 1986 huic
1136 1943 1228 1986 novo
1252 1922 1414 1986 aedificio
1440 1924 1595 2006 lapidem
1618 1923 1696 1988 fun-

866 2047 1102 2109 damentalem
1125 2047 1341 2110 sollemniter
1366 2066 1500 2129 ponere
1528 2047 1696 2129 dignatus

866 2176 931 2229 est.
956 2168 1062 2231 Anno
1084 2173 1165 2230 1850
1185 2169 1331 2250 praevio
1352 2168 1497 2230 consilio
1519 2188 1598 2230 cum
1622 2167 1695 2230 suis

865 2290 901 2352 in
930 2290 1098 2383 capitulo¹
1114 2290 1272 2373 generali
1301 2300 1417 2372 capto,
1450 2290 1592 2372 redegit
1621 2290 1697 2353 illu-

867 2413 1059 2476 strissimus
1085 2414 1199 2475 abbas
1228 2423 1400 2495 excerpta
1427 2412 1503 2476 sive
1531 2432 1696 2495 compen·

868 2535 964 2598 dium
987 2555 1033 2597 ex
1053 2535 1254 2617 praecipuis
1279 2536 1456 2617 capitibus
1476 2535 1697 2598 constitutio-

868 2658 922 2720 nis
938 2659 984 2720 ab
1000 2658 1078 2739 ipso
1093 2657 1282 2720 fundatore
1294 2658 1461 2721 Mechith.
1478 2658 1696 2721 concedente

868 2798 895 2842 s.
924 2778 1019 2842 Sede
1050 2788 1163 2860 apost.
1198 2782 1302 2861 (anno
1337 2781 1430 2861 1710)
1462 2779 1696 2862 conscriptae.

868 2901 1003 2964 Eodem
1033 2901 1111 2983 ipso
1141 2920 1234 2964 anno
1265 2920 1304 2963 se
1330 2901 1485 2965 Romam
1511 2901 1697 2965 conferens

867 3023 1122 3087 illustrissimus
1153 3025 1275 3105 abbas,
1306 3023 1507 3105 praefatum
1531 3043 1697 3105 compen-

869 3145 964 3208 dium
984 3143 1129 3208 Summo
1151 3143 1314 3207 Pontifici
1331 3146 1396 3208 Pio
1411 3146 1479 3208 IX.
1501 3146 1696 3228 proposuit,

866 3266 1067 3329 humillimis
1082 3267 1248 3348 precibus
1261 3269 1463 3349 obsecrans,
1484 3277 1524 3330 ut
1543 3286 1569 3330 s
1588 3268 1698 3330 Pater

868 3409 1033 3472 suprema
1050 3408 1114 3452 sua
1131 3390 1343 3452 auctoritate
1362 3391 1429 3453 hoc
1450 3391 1697 3472 compendium

868 3513 1006 3575 sancire
1026 3512 1299 3592 approbareque
1321 3512 1538 3594 dignaretur.
1554 3550 1597 3558 —
1613 3513 1698 3576 Eius

868 3635 1035 3718 precibus
1058 3633 1211 3695 libenter
1234 3633 1424 3716 indulgens
1444 3654 1471 3696 s.
1493 3635 1610 3716 Pater,
1634 3655 1698 3718 per

869 3758 979 3819 breve
996 3775 1108 3835 suum,
1125 3755 1205 3817 dd0.
1218 3755 1359 3818 Romae
1376 3755 1433 3817 die
1453 3761 1503 3818 23.
1516 3756 1589 3818 Ian.
1607 3760 1697 3835 1852,

870 3878 1116 3960 compendium
1139 3878 1224 3939 illud
1245 3878 1468 3959 approbavit.
1490 3878 1589 3940 Idem
1605 3898 1698 3941 com·

868 4001 1037 4084 pendium
1054 4000 1089 4062 in
1105 4009 1180 4081 typ.
1192 3999 1400 4061 Mechithar.
1418 3999 1550 4062 editum
1568 4010 1622 4062 est
1638 4021 1698 4063 an-

868 4144 913 4187 no
939 4128 1029 4204 1852,
1055 4122 1091 4184 in
1114 4122 1198 4204 ling.
1217 4122 1314 4184 Arm.
1332 4131 1368 4183 et
1383 4121 1471 4202 Lat,
1496 4123 1561 4183 sub
1581 4122 1697 4184 titulo:

868 4246 1181 4330 Jampmnpmnnp
1189 4245 1698 4337 mffl...rp„p211pknnq,.Lat,;

867 4365 1699 4451 RegulaefundamentalescongregationisMe·

869 4489 1129 4553 chitharisticae
1156 4488 1453 4551 Vindobonensis
1490 4488 1575 4551 Voti
1606 4509 1699 4553 com·

868 4632 945 4695 pos,
971 4612 1080 4675 alacri
1105 4612 1223 4673 animo
1238 4610 1413 4673 Viennam
1436 4630 1599 4674 reversus
1623 4613 1699 4674 illu-

869 4735 1061 4797 strissimus
1074 4732 1236 4794 dominus
1251 4732 1313 4794 Ar.
1326 4731 1466 4814 Azaria,
1480 4733 1536 4795 die
1550 4753 1600 4812 27.
1613 4734 1698 4796 Maii

874 4861 952 4919 1852
970 4855 1180 4938 vigesimum
1201 4854 1361 4936 quintum
1381 4854 1473 4917 diem
1496 4855 1699 4918 anniversa-

870 4979 958 5040 rium
978 4978 999 5040 i.
1021 4996 1051 5039 e.
1073 4976 1352 5039 semiiubilaeum
1372 4976 1700 5059 archiepiscopatus

870 5100 924 5163 sui
936 5099 1150 5162 sollemniter
1161 5098 1366 5161 celebravit.
1382 5097 1472 5160 Post
1480 5100 1568 5161 duos
1577 5118 1699 5180 annos,

870 5221 928 5285 die
938 5242 966 5284 2.
976 5221 1079 5283 Febr.
1091 5223 1172 5297 1854
1185 5219 1307 5282 maiori
1319 5239 1451 5302 pompa
1462 5228 1499 5282 et
1510 5220 1700 5301 splendore

871 5342 1066 5405 celebravit
1080 5341 1271 5404 sacerdotii
1288 5340 1341 5403 sui
1358 5360 1385 5403 s.
1402 5341 1601 5404 iubilaeum.
1621 5341 1700 5405 Hac

139 5462 278 5525 nmodis
297 5463 503 5526 satisfacere
523 5475 674 5546 poterat.
698 5465 791 5528 Hinc
829 5470 832 5543 ,
872 5465 1058 5528 occasione
1078 5463 1212 5546 placuit
1228 5462 1324 5527 Suae
1344 5484 1373 5527 c.
1389 5483 1415 5525 r.
1432 5484 1488 5545 ap.
1509 5463 1699 5545 Maiestati,
