4034 6262
881 533 1137 619 ..65-

124 739 236 831 ,uod
259 733 471 796 inscribitur:
501 734 651 815 „bellum
672 733 968 816 regio-suecicum

124 874 156 933 m
171 855 377 925 Germania
389 853 551 938 gestum“
569 854 714 937 invenit,
732 874 825 936 quae
836 874 894 917 res
906 874 968 937 ge-

127 998 209 1054 stas
236 1000 259 1042 a
275 978 369 1041 Maio
394 984 471 1056 1041
496 980 542 1040 ad
557 978 632 1041 Iun.
655 981 734 1056 1646
752 979 968 1040 adumbrans

134 1100 403 1176 Stockholmiae
436 1119 550 1181 nuper
580 1100 758 1181 publicam
788 1101 825 1163 in
854 1101 968 1163 lucem

139 1225 281 1315 prodiit.
319 1223 473 1286 Fructus
502 1222 606 1285 huius
641 1222 776 1285 itineris
807 1222 967 1285 literarii:

148 1346 280 1436 ,studia
297 1344 457 1407 suecica“
484 1344 672 1424 inscriptos
688 1345 810 1406 Dudlk
827 1345 969 1406 Brunae

151 1490 237 1537 anno
258 1472 329 1531 1852
348 1467 472 1548 proelo
486 1465 612 1528 emisit.
636 1465 752 1547 Quum
764 1475 884 1529 autem
896 1466 969 1528 ani-

158 1595 390 1672 madverteret,
419 1598 559 1670 partem
586 1589 743 1651 thesauri
767 1589 969 1671 desiderati,

162 1735 253 1799 quem
268 1731 371 1792 supra
392 1711 661 1792 nominavimuS,
684 1712 779 1773 haud
802 1711 969 1794 exiguam

164 1858 213 1919 per
244 1834 448 1898 Christinam
479 1833 639 1916 reginam
669 1832 825 1895 Romam
859 1832 969 1895 fuisse

167 1966 372 2041 asportatam,
400 1975 494 2018 anno
528 1959 605 2018 1852
631 1955 667 2017 in
687 1955 827 2018 Italiam
853 1954 970 2037 profe-

169 2090 229 2141 ctus
252 2088 282 2140 et
300 2078 430 2159 ubique
454 2077 611 2140 locorum
632 2077 806 2138 benevole
826 2095 971 2157 suseep-

169 2212 223 2282 tus,
246 2201 374 2264 Romae
403 2219 474 2262 non
505 2199 619 2261 solum
649 2198 894 2261 collectionem
921 2197 970 2259 sic

172 2323 288 2386 dictam:
313 2322 499 2406 „Reginae
511 2320 783 2383 bibliothecam“
802 2326 970 2384 232211111-

173 2444 321 2526 nuscripta
353 2443 594 2506 continentem
623 2442 870 2525 perlustravit,
905 2442 970 2504 sed

175 2565 258 2627 etiam
283 2576 501 2650 regestorum
529 2564 695 2627 Vaticani
725 2564 858 2627 archivi
889 2565 969 2646 plus

176 2690 411 2764 50101105011111
432 2692 551 2752 68.ooo
570 2687 698 2750 litteris
722 2687 967 2770 autographis3

178 2826 247 2887 quae
268 2812 375 2874 omnia
406 2811 443 2873 in
473 2829 583 2891 opere
623 2810 715 2894 ,Iter
744 2808 966 2872 110111111111111α

181 2926 264 3012 (111.)
285 2934 462 3014 explanat.
482 2932 602 2995 Roma
624 2932 687 2994 vix
710 2951 875 2994 reversus
895 2932 968 2993 Du·

180 3049 224 3111 dlk
241 3073 258 3116 a
274 3074 431 3137 supremo
448 3054 581 3118 ordinis
596 3054 782 3117 Teutonici
798 3055 969 3137 magistro

181 3173 329 3241 archiduce
337 3177 581 3241 Maximiliano
593 3177 799 3240 honorabile
811 3177 969 3258 suscepit

182 3298 345 3363 mandatum
368 3300 552 3364 archivum
575 3299 684 3362 totius
708 3299 840 3361 ordinis
861 3299 970 3362 Vien-

182 3428 230 3475 nae
242 3420 394 3504 erigendi.
427 3422 513 3484 Plus
528 3440 599 3484 uno
614 3421 726 3483 lustro
742 3421 788 3483 ab
803 3421 971 3505 Augusto

186 3536 243 3599 1851
256 3545 294 3604 ad
312 3549 390 3624 1859
412 3544 525 3606 labori
541 3543 608 3605 sibi
624 3543 814 3626 adsignato
829 3543 971 3605 insuda·

184 3653 232 3736 vit,
254 3675 295 3746 et,
319 3676 358 3729 ut
380 3666 584 3747 exspectari
607 3665 732 3746 potuit,
759 3664 880 3727 labore
908 3684 971 3729 suo

184 3779 324 3850 archivum
344 3788 518 3870 fundavit,
546 3788 687 3868 optimis
707 3787 810 3850 huius
829 3789 972 3870 generis

185 3898 456 3973 adnumerandum.
477 3909 578 3991 Quae
590 3909 708 3971 studia
724 3910 769 3972 ad
783 3929 875 3971 nova
888 3930 972 3991 ope-

186 4035 212 4078 ra
224 4027 339 4095 edenda
355 4034 552 4113 praebuere
572 4032 815 4105 incitamenta;
839 4032 875 4094 in
898 4034 973 4113 qui-

186 4136 234 4203 bus
257 4152 390 4218 duorum
421 4154 628 4237 praecipue:
663 4153 905 4236 „Waldstein“
939 4165 974 4218 et

189 4256 282 4334 „Sueci
307 4277 340 4339 111
370 4276 551 4340 Moravia“
585 4277 805 4339 documentis
841 4277 974 4339 archivi

186 4378 275 4454 bellici
290 4396 499 4462 Viennensis
522 4399 745 4461 innitentium
768 4399 900 4461 mentio
924 4398 975 4461 fa-

187 4498 289 4577 cienda.
309 4519 458 4601 Insuper
471 4529 681 4601 conceptam
703 4521 748 4582 de
764 4521 894 4583 tabulis
911 4541 975 4602 pu-

188 4617 263 4694 blicis
283 4659 368 4704 nova
392 4642 546 4723 quadam
562 4641 698 4705 ratione
715 4641 976 4705 conformandis

188 4737 276 4818 ideam
295 4782 353 4843 per
373 4773 496 4845 partes
519 4765 762 4827 elucubratam
782 4765 976 4828 ministerio

189 4868 297 4951 scripti,
310 4885 484 4968 exposuit,
509 4905 615 4967 quam
637 4888 873 4967 approbatam
897 4906 977 4967 pro·
1016 4822 1019 4987 1

189 4988 229 5049 ⁰¹¹¹
254 5000 347 5071 dubio
377 5010 412 5072 in
444 5008 609 5071 effectum
635 5010 879 5091 perduxisset,
912 5011 977 5073 nisi

189 5108 370 5193 calamitates
384 5131 514 5194 diversi
531 5131 682 5214 generis,
702 5132 887 5212 imperium
904 5133 978 5194 Au-

130 5248 133 5257 ·
189 5229 321 5312 ὃ1111011111
344 5262 427 5315 tunc
448 5253 617 5335 temporis
633 5253 791 5335 graviter
807 5252 979 5317 afflictan-

188 5349 227 5409 tes

227 5399 234 5431 1
255 5374 407 5437 continua
423 5376 628 5457 posuissent
647 5377 842 5439 obstacula.
872 5377 978 5440 Anno
1018 5456 1020 5467 ⁴

187 5462 303 5552 demum
333 5501 409 5560 1865
439 5518 485 5560 ex
514 5508 616 5579 parte
648 5518 740 5579 quae
770 5499 979 5563 intendebat
1018 5544 1022 5573 .

1047 733 1189 815 publice
1214 735 1457 798 demonstrare
1484 737 1608 818 potuit.
1640 738 1876 801 Ministerium

1048 854 1141 917 enim
1172 856 1456 935 perlustrationis
1487 859 1685 920 tabularum
1718 859 1876 940 publica-

1048 997 1124 1039 rum
1159 976 1226 1039 sibi
1261 978 1569 1041 subordinatarum
1600 981 1723 1043 Bedae
1754 948 1876 1045 nostro

1049 1099 1176 1161 detulit
1195 1097 1360 1183 officium,
1377 1110 1417 1163 ut
1432 1101 1529 1183 ipsis,
1550 1121 1643 1165 nova
1659 1104 1718 1165 illa
1740 1104 1877 1167 ratione

1048 1220 1320 1303 conformandis,
1349 1223 1442 1285 viam
1469 1224 1699 1305 patefaceret.
1735 1227 1876 1289 Initium

1047 1343 1181 1406 factum
1212 1364 1291 1406 cum
1318 1346 1450 1408 tabulis
1477 1347 1628 1428 publicis
1653 1346 1811 1411 Galiciae
1842 1358 1879 1411 et

1048 1466 1295 1548 Lodomeriae,
1323 1487 1470 1548 quarum
1500 1469 1783 1550 perlustrationis
1807 1469 1878 1532 fru-

1050 1596 1145 1650 ctum
1167 1608 1260 1651 anno
1290 1593 1367 1668 1867
1390 1590 1450 1652 Dr.
1475 1591 1598 1653 Dudlk
1627 1592 1723 1674 typis
1748 1592 1878 1655 descri-

1049 1711 1204 1773 bendum
1234 1712 1384 1786 curavit;
1412 1712 1525 1775 tribus
1552 1714 1653 1777 annis
1680 1725 1763 1796 post
1792 1716 1878 1798 „sub

1049 1833 1243 1895 ministerio
1260 1832 1410 1896 (11111111α
1428 1834 1512 1896 viris
1529 1837 1575 1897 ad
1591 1836 1771 1918 inceptum
1791 1836 1878 1899 illud

1050 1974 1140 2037 opus
1156 1957 1442 2037 prosequendum
1459 1959 1634 2041 delegatis
1650 1959 1710 2022 Dr.
1727 1961 1827 2022 Beda
1843 1960 1879 2022 in

1050 2077 1233 2139 consilium
1254 2079 1412 2141 adscitus
1433 2088 1497 2141 est.
1531 2078 1645 2160 Quam
1665 2081 1772 2162 longe
1792 2081 1879 2143 late-

1050 2217 1119 2280 que
1144 2197 1239 2261 fama
1256 2199 1331 2262 eius
1351 2201 1386 2262 in
1405 2200 1473 2263 hoc
1496 2220 1629 2282 genere
1653 2203 1879 2265 dexteritatis

1049 2321 1118 2383 iam
1139 2330 1223 2385 tunc
1250 2322 1420 2403 temporis
1443 2324 1696 2405 percrebuerit,
1723 2324 1784 2386 Dr.
1801 2325 1879 2389 Ru-

1048 2444 1133 2506 land
1156 2445 1192 2507 in
1219 2445 1335 2527 „dieta
1351 2445 1546 2507 Bavarica“
1571 2455 1732 2528 testatur,
1757 2447 1792 2508 in
1809 2468 1880 2528 qua

1049 2567 1094 2628 de
1117 2576 1213 2630 statu
1237 2567 1457 2630 archivorum
1484 2568 1657 2650 regalium
1681 2569 1879 2652 disputans,

1048 2689 1094 2750 ad
1118 2689 1230 2751 nostri
1253 2690 1314 2751 Dr.
1333 2689 1457 2751 Dudlk
1481 2689 1649 2752 iudicium
1672 2691 1879 2771 adpellavit.

1049 2809 1136 2872 Cum
1168 2830 1260 2873 anno
1296 2814 1375 2889 1859
1407 2812 1469 2875 Dr.
1497 2812 1619 2874 Dudlk
1647 2833 1668 2874 a
1695 2812 1880 2875 Moraviae

1048 2932 1230 2994 ordinibus
1255 2933 1357 2995 1111110
1389 2942 1424 2995 et
1455 2931 1572 2996 officio
1601 2935 1878 3016 historiographi

1048 3054 1220 3118 Moravici
1245 3055 1434 3138 insignitus
1459 3065 1564 3137 esset,
1594 3077 1686 3137 mox,
1711 3067 1749 3119 ut
1776 3058 1880 3119 huius

1050 3177 1254 3257 provinciae
1279 3177 1460 3240 historiam
1487 3198 1506 3240 e
1530 3177 1688 3242 fontibus
1715 3179 1880 3261 genuinis

1049 3299 1208 3361 hauriret
1223 3308 1331 3380 atque
1355 3300 1535 3382 scriberet,
1557 3302 1716 3381 suscepit
1736 3304 1881 3363 manda-

1051 3431 1135 3502 tum,
1154 3397 1211 3483 cui
1226 3441 1290 3503 per
1306 3441 1476 3484 annorum
1494 3424 1681 3486 decursum
1698 3424 1881 3504 praeclare

1051 3542 1234 3606 satisfecit.
1261 3542 1353 3607 Octo
1369 3544 1462 3606 enim
1479 3545 1565 3606 tomi
1581 3545 1749 3608 historiae
1765 3545 1882 3607 Mora-

1051 3667 1130 3729 viae
1147 3666 1316 3748 deinceps
1333 3667 1430 3748 editi,
1451 3687 1599 3748 quorum
1615 3667 1748 3749 primus
1765 3667 1882 3728 medio

1052 3789 1134 3852 anni
1154 3793 1235 3852 1860
1252 3789 1384 3870 publici
1401 3790 1486 3851 iuris
1502 3789 1618 3852 factus
1636 3800 1700 3870 est,
1721 3799 1757 3850 et
1773 3789 1883 3868 septi-

1052 3933 1129 3975 mus
1152 3912 1337 3993 periodum
1360 3912 1660 3994 Premyslidarum
1688 3931 1766 3972 cum
1790 3930 1883 3971 anno

1058 4039 1137 4098 13011
1154 4034 1343 4117 concludit,
1368 4035 1588 4113 praeclarum
1606 4033 1681 4094 eius
1701 4031 1883 4114 ingenium

1054 4156 1231 4238 animique
1255 4175 1403 4218 acumen
1426 4157 1505 4217 luce
1529 4155 1717 4236 splendida
1741 4156 1884 4215 demon-

1054 4288 1181 4360 strant,
1216 4279 1251 4341 in
1279 4278 1401 4359 primis
1428 4297 1514 4340 vcro
1541 4286 1705 4357 octavus,
1742 4276 1884 4337 humani

1055 4402 1239 4483 civilisque
1277 4402 1392 4462 cultus
1434 4400 1617 4461 historiam
1660 4399 1885 4477 adumbrans,

1054 4522 1334 4585 versatissimum
1351 4520 1574 4602 antiquitatis
1592 4520 1885 4601 investigatorem

1057 4644 1224 4706 declarat.
1271 4642 1396 4722 Neque
1428 4660 1531 4721 vero,
1565 4661 1643 4703 cum
1674 4641 1755 4703 huic
1788 4640 1886 4720 operi

1056 4767 1268 4845 insudasset,
1297 4764 1385 4825 alius
1409 4764 1552 4844 generis
1577 4765 1695 4826 studia
1718 4765 1888 4826 historica

1057 4888 1228 4971 neglexit.
1259 4887 1471 4967 Conscripta
1496 4887 1587 4948 enim
1613 4896 1649 4949 et
1670 4886 1766 4968 typis
1793 4885 1888 4946 edita

1058 5009 1304 5073 numismatica
1320 5008 1528 5070 collectione
1545 5008 1677 5070 ordinis
1692 5006 1887 5086 Teutonici,

1058 5131 1214 5194 editione
1238 5132 1361 5192 charta
1387 5138 1423 5190 et
1446 5129 1626 5191 literarum
1647 5129 1767 5191 formis
1788 5147 1889 5188 orna-

1057 5253 1210 5334 tissima,
1245 5251 1441 5315 Guilelmus
1477 5251 1668 5332 archidux,
1704 5269 1889 5330 supremus

1057 5374 1189 5437 ordinis
1211 5372 1396 5436 Teutonici
1422 5374 1602 5456 magister,
1625 5374 1747 5435 Bedae
1769 5379 1890 5433 nostro

1019 5532 1020 5537 1
1058 5497 1293 5559 inventarium
1318 5497 1474 5558 thesauri
1502 5495 1605 5557 huius
1634 5495 1765 5558 ordinis
1793 5492 1891 5553 insti-

1650 5614 1666 5658 ‘l
