4088 6270
932 468 1133 530 -ς-

159 696 280 777 plures
297 694 576 775 disputationes:
600 703 639 756 ut
657 686 990 776 ,Phlebotomiam“,
1016 694 1081 776 ,de
1098 692 1274 775 positione
1296 713 1360 756 seu
1375 693 1616 775 applicatione
1632 692 1896 773 ventosarum“,

162 833 323 916 ,nomina
346 831 566 894 morborum“
584 831 605 912 ¹)
631 831 783 912 scripsit.

290 972 425 1035 Maiore
449 971 568 1034 studio
592 971 755 1034 monachi
782 990 982 1034 sermonum
1010 991 1143 1055 genera
1171 971 1328 1053 amplexi
1359 980 1450 1033 sunt.
1496 969 1679 1034 Sermonis
1703 968 1836 1033 Graeci
1860 980 1893 1033 et

160 1111 330 1174 Hebraici
353 1110 559 1192 peritissimi
583 1111 808 1173 celebrantur
831 1119 985 1173 exeunte
1009 1112 1152 1173 saeculo
1171 1111 1254 1173 XV.
1278 1109 1519 1193 Wolfgangus
1543 1110 1588 1172 de
1612 1108 1721 1193 Styra
1745 1119 1782 1172 et
1805 1109 1892 1172 Leo·

159 1253 289 1313 nardus
312 1249 341 1312 F
344 1248 487 1311 elddorf
506 1249 668 1311 monachi
690 1248 933 1329 MellicenseS,
957 1268 1104 1331 quorum
1133 1248 1308 1330 posterior
1329 1249 1519 1311 summaria
1542 1269 1587 1311 ex
1611 1247 1761 1330 Seneca,
1786 1247 1889 1331 Sym·

159 1390 302 1470 macho,
331 1386 565 1469 Guintiliano,
598 1387 807 1468 Aristotele,
838 1387 1058 1470 Hippocrate
1088 1387 1186 1450 facta
1215 1388 1357 1469 reliquit
1389 1397 1426 1451 et
1456 1388 1723 1451 vocabularium
1751 1387 1888 1451 Latino·

160 1527 410 1592 Germanicum
434 1527 687 1609 conscripsisse
711 1536 857 1609 putatur
872 1527 906 1608 ²).

288 1668 343 1730 Ex
367 1687 511 1730 numero
535 1687 665 1747 eorum,
689 1666 750 1748 qui
773 1666 809 1728 in
832 1666 1045 1729 carminibus
1069 1666 1179 1729 saeris
1202 1666 1398 1729 scribendis
1413 1668 1658 1748 versabantur,
1683 1666 1882 1729 nominandi

159 1818 241 1871 sunt
257 1809 385 1871 Petrus
409 1807 454 1870 de
469 1806 688 1868 Rosenheim
711 1806 808 1888 prior
822 1805 1039 1869 Mellicensis
1056 1816 1091 1868 et
1107 1806 1313 1869 Leonardus
1329 1807 1480 1889 Peuger,
1504 1807 1583 1869 loco
1605 1804 1762 1887 equestri
1779 1814 1883 1884 ortus,

161 1947 318 2010 eiusdem
342 1945 545 2008 monasterii
567 1944 679 2007 frater
701 1964 893 2007 conversus
907 1945 942 2026 ³).
989 1943 1145 2025 Quorum
1173 1944 1230 2006 ille
1258 1964 1420 2007 sermone
1443 1943 1585 2025 Latino,
1615 1963 1778 2007 sermone
1802 1941 1882 2006 Ger·

159 2106 262 2148 mano
291 2085 347 2147 hic
380 2083 535 2146 carmina
559 2083 768 2165 composuit.
815 2081 942 2145 Cantui
974 2101 1115 2164 quoque
1147 2082 1278 2144 chorali
1311 2081 1448 2163 artique
1480 2082 1636 2146 musicae
1667 2081 1823 2144 moribus
1851 2081 1881 2144 in

159 2224 384 2287 monasteriis
407 2222 605 2286 emendatis
628 2221 832 2305 diligentior
848 2242 932 2285 cura
948 2222 1202 2293 adhibebatur:
1226 2241 1296 2302 qua
1320 2221 1364 2284 de
1387 2241 1425 2284 re
1449 2221 1634 2304 scripsisse
1652 2231 1881 2284 memorantur

157 2362 341 2426 Conradus
358 2363 402 2425 de
419 2361 634 2445 Obernburg
642 2364 665 2442 ⁴)
683 2361 810 2424 Abbas
827 2371 862 2424 et
879 2361 1064 2425 Conradus
1080 2361 1398 2444 Norimbergensis,
1415 2363 1607 2425 monachus
1623 2361 1839 2425 Mellicensis
1851 2364 1880 2443 ⁵).

935 2793 1040 2858 CAP.
1063 2794 1107 2857 II.

287 3056 374 3120 Cum
396 3066 647 3138 tempestates,
679 3075 771 3137 quae
803 3056 964 3119 doctrina
987 3057 1190 3119 Lutherana
1222 3056 1257 3119 in
1287 3057 1407 3120 multis
1436 3057 1660 3119 monasteriis
1692 3068 1879 3120 commotae

157 3208 267 3278 erant,
292 3196 515 3276 cecidissent,
539 3196 608 3258 iam
632 3194 817 3277 pristinum
840 3195 1037 3259 litterarum
1061 3196 1215 3258 studium
1238 3196 1354 3258 redire
1378 3196 1507 3278 coepit.
1546 3197 1650 3278 Quod
1674 3197 1827 3260 studium
1849 3195 1879 3258 in

156 3336 316 3418 plurimis
339 3335 562 3397 monasteriis
586 3333 806 3399 Germanicis
830 3335 1013 3398 academia
1029 3335 1304 3418 Salisburgensi,
1328 3336 1421 3398 alma
1436 3348 1548 3399 matre
1564 3334 1883 3416 Benedictinorum,

157 3475 352 3538 excitatum
377 3485 445 3555 est,
470 3474 505 3536 in
530 3494 601 3555 qua
623 3474 689 3537 viri
712 3475 887 3558 ingeniosi
911 3495 957 3537 ex
980 3474 1205 3538 monasteriis
1228 3475 1377 3558 singulis
1400 3475 1530 3537 delecti
1553 3494 1624 3537 non
1648 3476 1761 3538 solum
1784 3476 1896 3537 doce-

157 3615 245 3675 bant
268 3612 423 3693 iuvenes,
447 3614 511 3675 sed
536 3614 642 3676 etiam
659 3613 804 3694 clericis,
829 3613 890 3696 qui
906 3613 1088 3677 doctrinae
1104 3614 1326 3696 theologicae
1343 3616 1531 3695 vacabant,
1557 3615 1656 3677 velut
1679 3615 1813 3678 semina
1834 3615 1920 3676 in·-

157 3755 334 3833 serebant,
359 3772 450 3833 quae
473 3754 592 3834 paullo
616 3764 698 3836 post
722 3753 756 3816 in
780 3755 879 3817 cellis
903 3754 1032 3835 quietis
1055 3755 1183 3816 uberes
1206 3755 1364 3816 tulerunt
1385 3754 1531 3818 fructus

287 3889 439 3954 Saeculo
468 3912 610 3973 ,quoque
641 3893 760 3956 XVII.
793 3904 841 3987 et,
858 3894 957 3957 initio
988 3893 1122 3956 saeculi
1145 3893 1282 3956 XVIII.
1313 3892 1375 3956 filii
1405 3913 1432 3957 s.
1457 3893 1645 3957 Benedicti
1678 3894 1920 3977 praeprimi=

157 4027 368 4111 disciplinae
401 4029 624 4112 theologicae
660 4040 695 4094 et
729 4031 920 4094 historicae
954 4051 1097 4113 operam
1130 4033 1314 4094 dederunt.
1359 4031 1558 4114 Disciplina
1588 4033 1790 4117 theologica
1821 4052 1920 4115 pr·

158 4168 312 4248 ratione,
348 4187 452 4248 quam
489 4170 671 4232 academia
707 4169 990 4253 Salisburgensis
1027 4173 1263 4253 sequebatur,
1298 4171 1479 4254 theologia
1514 4173 1729 4236 scholastica
1763 4182 1798 4236 et
1831 4174 1869 4236 iu.
1887 4190 1920 4231 A

159 4304 440 4368 ecclesiasticum
464 4307 710 4370 continebatur
724 4308 758 4390 6).
797 4309 1030 4392 Theologiam
1053 4310 1300 4373 scholasticam
1329 4312 1571 4392 praecedebat
1600 4330 1724 4374 cursus
1752 4313 1920 4375 scholoe

157 4445 269 4508 sticae
293 4445 549 4527 philosophiae.
595 4447 786 4510 Doctrinae
813 4446 1082 4512 fundamentum
1109 4449 1307 4512 sententiae
1339 4469 1366 4512 s.
1390 4450 1546 4513 Thomae
1578 4460 1689 4514 erant.
1735 4450 1920 4512 Easdem
