4088 6270
843 553 885 561 -
930 514 1056 580 CXIX
1100 553 1140 562 -

257 739 402 806 Ceteras
426 762 567 826 quoque
590 751 686 806 artes
713 762 783 805 non
814 762 894 806 esse
924 742 1109 826 neglectas
1139 750 1282 823 praeter
1311 742 1381 804 alia
1412 743 1656 805 demonstrant
1684 741 1857 824 imagines

155 879 261 944 incisae
286 880 493 945 Colomanni
518 881 660 945 Fellner
689 882 954 965 Lambacensis,
978 881 1038 964 qui
1062 893 1173 945 artem
1199 881 1505 964 lithographicam,
1530 902 1608 945 eum
1632 881 1698 944 iter
1720 880 1856 943 faciens

160 1019 302 1103 principia
324 1018 402 1083 eius
424 1020 604 1083 Monachii
632 1024 712 1084 1813
736 1022 940 1104 reperisset,
964 1021 1097 1102 primus
1120 1021 1156 1083 in
1180 1021 1328 1084 Austria
1351 1039 1522 1103 prospere
1546 1020 1716 1084 exercuit.

258 1158 457 1221 Memoratu
487 1158 640 1242 denique
672 1159 771 1242 digni
802 1171 885 1224 sunt
914 1160 965 1224 illi
996 1159 1077 1241 viri,
1109 1160 1169 1242 qui
1200 1159 1436 1223 bibliothecas
1466 1158 1502 1223 in
1533 1158 1755 1222 monasteriis
1786 1157 1857 1219 suis

167 1298 360 1378 disponentes
383 1308 420 1359 et
444 1297 697 1379 describentes,
721 1318 887 1382 magnam
909 1296 1106 1361 litterarum
1130 1299 1369 1380 cognitionem
1385 1300 1628 1361 ostenderunt.
1660 1297 1739 1377 Qua
1761 1296 1798 1358 in
1820 1315 1858 1357 re

167 1438 231 1498 bene
255 1435 366 1499 meriti
396 1446 480 1499 sunt
510 1445 654 1518 praeter
675 1435 866 1499 Martinum
889 1435 1013 1518 Kropf
1031 1435 1273 1499 Mellicensem
1304 1435 1456 1499 Alexius
1478 1436 1662 1499 Habrecht
1685 1445 1721 1497 et
1744 1434 1859 1496 Bene·

171 1575 252 1637 dictus
276 1573 428 1637 Richter
457 1574 757 1658 Raigradienses;
790 1575 987 1638 Norbertus
1017 1573 1243 1654 Pampichler
1269 1572 1600 1647 Seitenstettensis3
1632 1571 1858 1636 Godofredus

172 1712 302 1775 Reichart
326 1711 586 1784 Gottvicensis;
610 1713 741 1775 nostris
764 1713 984 1797 temporibus
1006 1713 1115 1795 Hugo
1138 1712 1300 1777 Schmidt
1323 1710 1608 1775 cremifanensis,

263 1852 300 1914 In
316 1862 477 1914 extremo
493 1850 686 1932 prooemio,
711 1852 806 1933 quod
823 1871 928 1933 quam
944 1851 991 1914 sit
1007 1851 1187 1935 exiguum,
1211 1851 1393 1932 sentimus,
1417 1851 1447 1913 si
1471 1870 1524 1932 ea,
1549 1869 1639 1932 quae
1661 1847 1724 1911 filii
1748 1870 1774 1911 s.
1793 1849 1859 1910 Be·

176 1989 269 2052 nedicti
288 1989 322 2053 in
345 1988 494 2072 imperio
518 1989 943 2073 Austriaco·Hungariae
966 1989 1196 2073 profecerint,
1224 1989 1350 2053 animis
1372 1989 1582 2071 repetimus,
1610 1999 1649 2050 ut
1671 1987 1861 2050 humilitati

178 2145 225 2190 as.
241 2128 359 2191 ordinis
382 2128 565 2192 conditore
587 2128 780 2192 identidem
804 2131 1072 2193 commendatae
1095 2128 1180 2192 nihil
1204 2130 1426 2212 derogemus,
1450 2129 1568 2191 dicere
1588 2127 1689 2191 licet:
1713 2126 1863 2189 Familia

180 2263 367 2329 Benedictina
391 2286 539 2350 ,panem
564 2266 679 2330 otiosa
702 2286 772 2330 non
795 2267 980 2331 comedit“.
