<?xml version="1.0" encoding="UTF-8"?>
<!DOCTYPE html PUBLIC "-//W3C//DTD XHTML 1.0 Transitional//EN"
    "http://www.w3.org/TR/xhtml1/DTD/xhtml1-transitional.dtd">
<html xmlns="http://www.w3.org/1999/xhtml" xml:lang="en" lang="en">
 <head>
  <title>
</title>
<meta http-equiv="Content-Type" content="text/html;charset=utf-8" />
  <meta name='ocr-system' content='tesseract 3.04.00' />
  <meta name='ocr-capabilities' content='ocr_page ocr_carea ocr_par ocr_line ocrx_word'/>
</head>
<body>
  <div class='ocr_page' id='page_1' title='image "./scriptoresordin00benegoog_0044.png"; bbox 0 0 4088 6270; ppageno 0'>
   <div class='ocr_carea' id='block_1_1' title="bbox 786 500 1175 564">
    <p class='ocr_par' dir='ltr' id='par_1_1' title="bbox 786 500 1175 564">
     <span class='ocr_line' id='line_1_1' title="bbox 786 500 1175 564; baseline 0.003 -1"><span class='ocrx_word' id='word_1_1' title='bbox 786 533 904 551; x_wconf 89' lang='lat'><strong>·--</strong></span> <span class='ocrx_word' id='word_1_2' title='bbox 949 500 1088 564; x_wconf 87' lang='lat' dir='ltr'>XXXI</span> <span class='ocrx_word' id='word_1_3' title='bbox 1132 537 1175 546; x_wconf 86' lang='lat'>-</span> 
     </span>
    </p>
   </div>
   <div class='ocr_carea' id='block_1_2' title="bbox 155 725 1887 2470">
    <p class='ocr_par' dir='ltr' id='par_1_2' title="bbox 155 725 1885 1069">
     <span class='ocr_line' id='line_1_2' title="bbox 156 725 1885 810; baseline 0 -17"><span class='ocrx_word' id='word_1_4' title='bbox 156 732 209 793; x_wconf 85' lang='lat' dir='ltr'><strong>sed</strong></span> <span class='ocrx_word' id='word_1_5' title='bbox 232 730 432 793; x_wconf 91' lang='lat' dir='ltr'><strong>coelibatus</strong></span> <span class='ocrx_word' id='word_1_6' title='bbox 455 738 492 792; x_wconf 90' lang='lat' dir='ltr'><strong>et</strong></span> <span class='ocrx_word' id='word_1_7' title='bbox 514 727 732 810; x_wconf 83' lang='lat' dir='ltr'><strong>parsimonia</strong></span> <span class='ocrx_word' id='word_1_8' title='bbox 755 747 843 809; x_wconf 92' lang='lat' dir='ltr'><strong>prae</strong></span> <span class='ocrx_word' id='word_1_9' title='bbox 866 737 903 790; x_wconf 92' lang='lat' dir='ltr'><strong>et</strong></span> <span class='ocrx_word' id='word_1_10' title='bbox 927 746 1006 789; x_wconf 92' lang='lat' dir='ltr'><strong>cum</strong></span> <span class='ocrx_word' id='word_1_11' title='bbox 1030 725 1158 789; x_wconf 88' lang='lat' dir='ltr'><strong>ceteris</strong></span> <span class='ocrx_word' id='word_1_12' title='bbox 1181 726 1351 788; x_wconf 90' lang='lat' dir='ltr'><strong>virtutum</strong></span> <span class='ocrx_word' id='word_1_13' title='bbox 1382 725 1546 809; x_wconf 83' lang='lat' dir='ltr'><strong>insigniis</strong></span> <span class='ocrx_word' id='word_1_14' title='bbox 1576 726 1735 790; x_wconf 88' lang='lat' dir='ltr'><strong>ordinem</strong></span> <span class='ocrx_word' id='word_1_15' title='bbox 1763 749 1885 793; x_wconf 90' lang='lat' dir='ltr'><strong>eorum</strong></span> 
     </span>
     <span class='ocr_line' id='line_1_3' title="bbox 155 864 1884 947; baseline -0.001 -16"><span class='ocrx_word' id='word_1_16' title='bbox 155 871 235 932; x_wconf 88' lang='lat' dir='ltr'><strong>adeo</strong></span> <span class='ocrx_word' id='word_1_17' title='bbox 257 868 478 931; x_wconf 87' lang='lat' dir='ltr'><strong>sollemniter</strong></span> <span class='ocrx_word' id='word_1_18' title='bbox 501 868 671 931; x_wconf 90' lang='lat' dir='ltr'><strong>decorare</strong></span> <span class='ocrx_word' id='word_1_19' title='bbox 695 866 866 947; x_wconf 90' lang='lat' dir='ltr'><strong>cernitur,</strong></span> <span class='ocrx_word' id='word_1_20' title='bbox 897 867 992 946; x_wconf 94' lang='lat' dir='ltr'><strong>quod</strong></span> <span class='ocrx_word' id='word_1_21' title='bbox 1016 884 1081 928; x_wconf 91' lang='lat' dir='ltr'><strong>nos</strong></span> <span class='ocrx_word' id='word_1_22' title='bbox 1104 865 1151 927; x_wconf 91' lang='lat' dir='ltr'><strong>ad</strong></span> <span class='ocrx_word' id='word_1_23' title='bbox 1175 864 1334 928; x_wconf 90' lang='lat' dir='ltr'><strong>eiusdem</strong></span> <span class='ocrx_word' id='word_1_24' title='bbox 1358 864 1490 927; x_wconf 90' lang='lat' dir='ltr'>ordinis</span> <span class='ocrx_word' id='word_1_25' title='bbox 1597 867 1884 947; x_wconf 83' lang='lat' dir='ltr'><strong>prosecutionem</strong></span> 
     </span>
     <span class='ocr_line' id='line_1_4' title="bbox 157 1004 943 1069; baseline -0.003 0"><span class='ocrx_word' id='word_1_26' title='bbox 157 1006 378 1069; x_wconf 86' lang='lat' dir='ltr'><strong>favorabilem</strong></span> <span class='ocrx_word' id='word_1_27' title='bbox 401 1015 521 1069; x_wconf 91' lang='lat' dir='ltr'><strong>mente</strong></span> <span class='ocrx_word' id='word_1_28' title='bbox 543 1004 682 1069; x_wconf 88' lang='lat' dir='ltr'><strong>fervida</strong></span> <span class='ocrx_word' id='word_1_29' title='bbox 705 1004 943 1069; x_wconf 85' lang='lat' dir='ltr'><strong>anhelamus.“</strong></span> 
     </span>
    </p>

    <p class='ocr_par' dir='ltr' id='par_1_3' title="bbox 161 1141 1887 2470">
     <span class='ocr_line' id='line_1_5' title="bbox 273 1141 1886 1226; baseline 0.001 -20"><span class='ocrx_word' id='word_1_30' title='bbox 273 1145 409 1208; x_wconf 88' lang='lat' dir='ltr'><strong>Verum</strong></span> <span class='ocrx_word' id='word_1_31' title='bbox 432 1152 552 1207; x_wconf 89' lang='lat' dir='ltr'><strong>tamen</strong></span> <span class='ocrx_word' id='word_1_32' title='bbox 574 1144 662 1207; x_wconf 88' lang='lat' dir='ltr'><strong>haec</strong></span> <span class='ocrx_word' id='word_1_33' title='bbox 686 1153 885 1226; x_wconf 87' lang='lat' dir='ltr'><strong>temporum</strong></span> <span class='ocrx_word' id='word_1_34' title='bbox 909 1143 1061 1206; x_wconf 85' lang='lat' dir='ltr'><strong>felicitas</strong></span> <span class='ocrx_word' id='word_1_35' title='bbox 1089 1162 1160 1204; x_wconf 92' lang='lat' dir='ltr'><strong>non</strong></span> <span class='ocrx_word' id='word_1_36' title='bbox 1187 1142 1352 1205; x_wconf 89' lang='lat' dir='ltr'><strong>diuturna</strong></span> <span class='ocrx_word' id='word_1_37' title='bbox 1380 1152 1466 1206; x_wconf 91' lang='lat' dir='ltr'><strong>erat.</strong></span> <span class='ocrx_word' id='word_1_38' title='bbox 1507 1141 1595 1206; x_wconf 91' lang='lat' dir='ltr'><strong>Cum</strong></span> <span class='ocrx_word' id='word_1_39' title='bbox 1625 1144 1719 1206; x_wconf 91' lang='lat' dir='ltr'><strong>enim</strong></span> <span class='ocrx_word' id='word_1_40' title='bbox 1748 1143 1886 1225; x_wconf 88' lang='lat' dir='ltr'><strong>proelia</strong></span> 
     </span>
     <span class='ocr_line' id='line_1_6' title="bbox 161 1279 1885 1366; baseline 0.001 -22"><span class='ocrx_word' id='word_1_41' title='bbox 161 1283 188 1345; x_wconf 96' lang='lat' dir='ltr'><strong>in</strong></span> <span class='ocrx_word' id='word_1_42' title='bbox 205 1282 333 1346; x_wconf 88' lang='lat' dir='ltr'><strong>finibus</strong></span> <span class='ocrx_word' id='word_1_43' title='bbox 356 1283 458 1366; x_wconf 84' lang='lat' dir='ltr'><strong>regni</strong></span> <span class='ocrx_word' id='word_1_44' title='bbox 480 1282 594 1363; x_wconf 90' lang='lat' dir='ltr'><strong>ipsius</strong></span> <span class='ocrx_word' id='word_1_45' title='bbox 614 1290 787 1345; x_wconf 88' lang='lat' dir='ltr'><strong>renovata</strong></span> <span class='ocrx_word' id='word_1_46' title='bbox 803 1290 934 1363; x_wconf 85' lang='lat' dir='ltr'><strong>essent,</strong></span> <span class='ocrx_word' id='word_1_47' title='bbox 953 1290 990 1344; x_wconf 91' lang='lat' dir='ltr'><strong>et</strong></span> <span class='ocrx_word' id='word_1_48' title='bbox 1006 1280 1154 1344; x_wconf 88' lang='lat' dir='ltr'><strong>Osmani</strong></span> <span class='ocrx_word' id='word_1_49' title='bbox 1168 1279 1336 1343; x_wconf 88' lang='lat' dir='ltr'><strong>infestum</strong></span> <span class='ocrx_word' id='word_1_50' title='bbox 1354 1282 1551 1344; x_wconf 84' lang='lat' dir='ltr'><strong>exercitum</strong></span> <span class='ocrx_word' id='word_1_51' title='bbox 1566 1282 1682 1365; x_wconf 87' lang='lat' dir='ltr'><strong>magis</strong></span> <span class='ocrx_word' id='word_1_52' title='bbox 1697 1284 1885 1366; x_wconf 87' lang='lat' dir='ltr'><strong>magisque</strong></span> 
     </span>
     <span class='ocr_line' id='line_1_7' title="bbox 163 1419 1887 1504; baseline 0.001 -21"><span class='ocrx_word' id='word_1_53' title='bbox 163 1422 196 1483; x_wconf 87' lang='lat' dir='ltr'><strong>ad</strong></span> <span class='ocrx_word' id='word_1_54' title='bbox 216 1419 729 1503; x_wconf 48' lang='lat' dir='ltr'><strong>occidentemsspromoverent,</strong></span> <span class='ocrx_word' id='word_1_55' title='bbox 763 1439 914 1501; x_wconf 88' lang='lat' dir='ltr'><strong>cumque</strong></span> <span class='ocrx_word' id='word_1_56' title='bbox 946 1419 1066 1482; x_wconf 90' lang='lat' dir='ltr'><strong>multis</strong></span> <span class='ocrx_word' id='word_1_57' title='bbox 1089 1419 1314 1481; x_wconf 90' lang='lat' dir='ltr'><strong>monasteriis</strong></span> <span class='ocrx_word' id='word_1_58' title='bbox 1345 1438 1416 1481; x_wconf 90' lang='lat' dir='ltr'><strong>non</strong></span> <span class='ocrx_word' id='word_1_59' title='bbox 1447 1421 1599 1483; x_wconf 85' lang='lat' dir='ltr'><strong>abbates</strong></span> <span class='ocrx_word' id='word_1_60' title='bbox 1629 1440 1732 1484; x_wconf 89' lang='lat' dir='ltr'><strong>sacra</strong></span> <span class='ocrx_word' id='word_1_61' title='bbox 1761 1422 1887 1504; x_wconf 82' lang='lat' dir='ltr'><strong>regula</strong></span> 
     </span>
     <span class='ocr_line' id='line_1_8' title="bbox 165 1559 1887 1642; baseline 0.001 -21"><span class='ocrx_word' id='word_1_62' title='bbox 165 1559 360 1642; x_wconf 86' lang='lat' dir='ltr'><strong>praescripti</strong></span> <span class='ocrx_word' id='word_1_63' title='bbox 383 1561 448 1621; x_wconf 90' lang='lat' dir='ltr'><strong>sed</strong></span> <span class='ocrx_word' id='word_1_64' title='bbox 472 1559 788 1622; x_wconf 82' lang='lat' dir='ltr'><strong>administratores·</strong></span> <span class='ocrx_word' id='word_1_65' title='bbox 802 1568 839 1621; x_wconf 93' lang='lat' dir='ltr'><strong>et</strong></span> <span class='ocrx_word' id='word_1_66' title='bbox 862 1559 1121 1641; x_wconf 83' lang='lat' dir='ltr'><strong>gubernatores</strong></span> <span class='ocrx_word' id='word_1_67' title='bbox 1144 1567 1370 1639; x_wconf 88' lang='lat' dir='ltr'><strong>praeessent,</strong></span> <span class='ocrx_word' id='word_1_68' title='bbox 1395 1577 1543 1639; x_wconf 90' lang='lat' dir='ltr'><strong>quorum</strong></span> <span class='ocrx_word' id='word_1_69' title='bbox 1568 1578 1699 1641; x_wconf 85' lang='lat' dir='ltr'><strong>magna</strong></span> <span class='ocrx_word' id='word_1_70' title='bbox 1721 1580 1806 1641; x_wconf 91' lang='lat' dir='ltr'><strong>pars</strong></span> <span class='ocrx_word' id='word_1_71' title='bbox 1828 1562 1887 1623; x_wconf 90' lang='lat' dir='ltr'><strong>vel</strong></span> 
     </span>
     <span class='ocr_line' id='line_1_9' title="bbox 167 1695 1887 1779; baseline 0.001 -20"><span class='ocrx_word' id='word_1_72' title='bbox 167 1697 231 1760; x_wconf 88' lang='lat' dir='ltr'><strong>laici</strong></span> <span class='ocrx_word' id='word_1_73' title='bbox 251 1709 362 1779; x_wconf 88' lang='lat' dir='ltr'><strong>erant,</strong></span> <span class='ocrx_word' id='word_1_74' title='bbox 384 1696 461 1760; x_wconf 86' lang='lat' dir='ltr'><strong>lieri</strong></span> <span class='ocrx_word' id='word_1_75' title='bbox 485 1717 554 1760; x_wconf 93' lang='lat' dir='ltr'><strong>non</strong></span> <span class='ocrx_word' id='word_1_76' title='bbox 577 1696 704 1779; x_wconf 89' lang='lat' dir='ltr'><strong>potuit,</strong></span> <span class='ocrx_word' id='word_1_77' title='bbox 729 1697 814 1778; x_wconf 93' lang='lat' dir='ltr'><strong>quin</strong></span> <span class='ocrx_word' id='word_1_78' title='bbox 831 1695 1019 1778; x_wconf 90' lang='lat' dir='ltr'><strong>disciplina</strong></span> <span class='ocrx_word' id='word_1_79' title='bbox 1043 1705 1080 1759; x_wconf 91' lang='lat' dir='ltr'><strong>et</strong></span> <span class='ocrx_word' id='word_1_80' title='bbox 1103 1696 1190 1757; x_wconf 93' lang='lat' dir='ltr'><strong>ordo</strong></span> <span class='ocrx_word' id='word_1_81' title='bbox 1214 1696 1292 1777; x_wconf 93' lang='lat' dir='ltr'><strong>ipse</strong></span> <span class='ocrx_word' id='word_1_82' title='bbox 1314 1715 1459 1778; x_wconf 89' lang='lat' dir='ltr'><strong>pessum</strong></span> <span class='ocrx_word' id='word_1_83' title='bbox 1476 1698 1637 1772; x_wconf 89' lang='lat' dir='ltr'><strong>daretur;</strong></span> <span class='ocrx_word' id='word_1_84' title='bbox 1662 1699 1761 1760; x_wconf 89' lang='lat' dir='ltr'><strong>velut</strong></span> <span class='ocrx_word' id='word_1_85' title='bbox 1785 1717 1887 1761; x_wconf 92' lang='lat' dir='ltr'><strong>mons</strong></span> 
     </span>
     <span class='ocr_line' id='line_1_10' title="bbox 170 1833 1887 1919; baseline 0.002 -23"><span class='ocrx_word' id='word_1_86' title='bbox 170 1835 363 1916; x_wconf 84' lang='lat' dir='ltr'><strong>Pannoniae,</strong></span> <span class='ocrx_word' id='word_1_87' title='bbox 386 1835 500 1916; x_wconf 89' lang='lat' dir='ltr'><strong>prima</strong></span> <span class='ocrx_word' id='word_1_88' title='bbox 523 1835 684 1917; x_wconf 87' lang='lat' dir='ltr'><strong>abbatia,</strong></span> <span class='ocrx_word' id='word_1_89' title='bbox 716 1844 756 1898; x_wconf 92' lang='lat' dir='ltr'><strong>ut</strong></span> <span class='ocrx_word' id='word_1_90' title='bbox 787 1855 833 1897; x_wconf 87' lang='lat' dir='ltr'><strong>ex</strong></span> <span class='ocrx_word' id='word_1_91' title='bbox 863 1835 960 1896; x_wconf 91' lang='lat' dir='ltr'><strong>bulla</strong></span> <span class='ocrx_word' id='word_1_92' title='bbox 983 1833 1113 1896; x_wconf 86' lang='lat' dir='ltr'><strong>Leonis</strong></span> <span class='ocrx_word' id='word_1_93' title='bbox 1135 1834 1184 1896; x_wconf 90' lang='lat' dir='ltr'><strong>X.</strong></span> <span class='ocrx_word' id='word_1_94' title='bbox 1213 1834 1296 1897; x_wconf 91' lang='lat' dir='ltr'><strong>anni</strong></span> <span class='ocrx_word' id='word_1_95' title='bbox 1323 1838 1405 1913; x_wconf 84' lang='lat'><strong>1514</strong></span> <span class='ocrx_word' id='word_1_96' title='bbox 1434 1835 1601 1918; x_wconf 88' lang='lat' dir='ltr'><strong>adparet,</strong></span> <span class='ocrx_word' id='word_1_97' title='bbox 1632 1837 1713 1919; x_wconf 91' lang='lat' dir='ltr'><strong>plus</strong></span> <span class='ocrx_word' id='word_1_98' title='bbox 1744 1845 1887 1918; x_wconf 91' lang='lat' dir='ltr'><strong>septua-</strong></span> 
     </span>
     <span class='ocr_line' id='line_1_11' title="bbox 174 1972 1887 2057; baseline 0.001 -22"><span class='ocrx_word' id='word_1_99' title='bbox 174 1974 252 2055; x_wconf 83' lang='lat' dir='ltr'><strong>ginta</strong></span> <span class='ocrx_word' id='word_1_100' title='bbox 276 1994 389 2037; x_wconf 87' lang='lat' dir='ltr'><strong>annos</strong></span> <span class='ocrx_word' id='word_1_101' title='bbox 420 1976 592 2037; x_wconf 91' lang='lat' dir='ltr'><strong>abbatum</strong></span> <span class='ocrx_word' id='word_1_102' title='bbox 620 1974 859 2057; x_wconf 85' lang='lat' dir='ltr'><strong>legitimorum</strong></span> <span class='ocrx_word' id='word_1_103' title='bbox 889 1972 1044 2055; x_wconf 86' lang='lat' dir='ltr'><strong>indiguit</strong></span> <span class='ocrx_word' id='word_1_104' title='bbox 1075 1981 1111 2036; x_wconf 90' lang='lat' dir='ltr'><strong>et</strong></span> <span class='ocrx_word' id='word_1_105' title='bbox 1141 1992 1208 2054; x_wconf 89' lang='lat' dir='ltr'><strong>per</strong></span> <span class='ocrx_word' id='word_1_106' title='bbox 1236 1992 1301 2035; x_wconf 80' lang='lat' dir='ltr'><strong>sex</strong></span> <span class='ocrx_word' id='word_1_107' title='bbox 1332 1992 1445 2036; x_wconf 89' lang='lat' dir='ltr'><strong>annos</strong></span> <span class='ocrx_word' id='word_1_108' title='bbox 1477 1975 1717 2056; x_wconf 78' lang='lat'>(1477—1483)</span> <span class='ocrx_word' id='word_1_109' title='bbox 1748 1974 1887 2053; x_wconf 86' lang='lat' dir='ltr'><strong>laicum,</strong></span> 
     </span>
     <span class='ocr_line' id='line_1_12' title="bbox 177 2111 1886 2195; baseline 0.002 -22"><span class='ocrx_word' id='word_1_110' title='bbox 177 2111 382 2175; x_wconf 74' lang='lat' dir='ltr'><strong>Benefflctum</strong></span> <span class='ocrx_word' id='word_1_111' title='bbox 406 2132 426 2175; x_wconf 92' lang='lat' dir='ltr'><strong>e</strong></span> <span class='ocrx_word' id='word_1_112' title='bbox 449 2112 583 2175; x_wconf 88' lang='lat' dir='ltr'><strong>familia</strong></span> <span class='ocrx_word' id='word_1_113' title='bbox 606 2113 727 2195; x_wconf 91' lang='lat' dir='ltr'><strong>Pyher</strong></span> <span class='ocrx_word' id='word_1_114' title='bbox 749 2113 1072 2175; x_wconf 89' lang='lat' dir='ltr'><strong>administratorem</strong></span> <span class='ocrx_word' id='word_1_115' title='bbox 1095 2111 1230 2173; x_wconf 89' lang='lat' dir='ltr'><strong>habuit.</strong></span> <span class='ocrx_word' id='word_1_116' title='bbox 1276 2111 1364 2174; x_wconf 89' lang='lat' dir='ltr'><strong>Inde</strong></span> <span class='ocrx_word' id='word_1_117' title='bbox 1389 2111 1523 2193; x_wconf 88' lang='lat' dir='ltr'><strong>evenit,</strong></span> <span class='ocrx_word' id='word_1_118' title='bbox 1555 2122 1596 2174; x_wconf 91' lang='lat' dir='ltr'><strong>ut</strong></span> <span class='ocrx_word' id='word_1_119' title='bbox 1618 2113 1730 2175; x_wconf 91' lang='lat' dir='ltr'><strong>multa</strong></span> <span class='ocrx_word' id='word_1_120' title='bbox 1752 2113 1886 2176; x_wconf 90' lang='lat' dir='ltr'><strong>ordinis</strong></span> 
     </span>
     <span class='ocr_line' id='line_1_13' title="bbox 179 2226 1886 2330; baseline 0.004 -22"><span class='ocrx_word' id='word_1_121' title='bbox 179 2249 324 2312; x_wconf 89' lang='lat' dir='ltr'><strong>domicilia</strong></span> <span class='ocrx_word' id='word_1_122' title='bbox 345 2226 457 2313; x_wconf 87' lang='lat' dir='ltr'><strong>veluti</strong></span> <span class='ocrx_word' id='word_1_123' title='bbox 481 2250 628 2313; x_wconf 85' lang='lat' dir='ltr'><strong>abbatia</strong></span> <span class='ocrx_word' id='word_1_124' title='bbox 651 2253 696 2313; x_wconf 90' lang='lat' dir='ltr'><strong>de</strong></span> <span class='ocrx_word' id='word_1_125' title='bbox 720 2251 818 2313; x_wconf 92' lang='lat' dir='ltr'><strong>Zekk</strong></span> <span class='ocrx_word' id='word_1_126' title='bbox 847 2260 884 2313; x_wconf 91' lang='lat' dir='ltr'><strong>et</strong></span> <span class='ocrx_word' id='word_1_127' title='bbox 911 2250 1002 2312; x_wconf 90' lang='lat' dir='ltr'><strong>aliae</strong></span> <span class='ocrx_word' id='word_1_128' title='bbox 1033 2258 1094 2312; x_wconf 91' lang='lat' dir='ltr'><strong>aut</strong></span> <span class='ocrx_word' id='word_1_129' title='bbox 1121 2249 1440 2330; x_wconf 89' lang='lat' dir='ltr'><strong>subprimerentur,</strong></span> <span class='ocrx_word' id='word_1_130' title='bbox 1471 2261 1534 2313; x_wconf 91' lang='lat' dir='ltr'><strong>aut</strong></span> <span class='ocrx_word' id='word_1_131' title='bbox 1563 2259 1603 2313; x_wconf 92' lang='lat' dir='ltr'><strong>ut</strong></span> <span class='ocrx_word' id='word_1_132' title='bbox 1634 2270 1661 2314; x_wconf 94' lang='lat' dir='ltr'><strong>s.</strong></span> <span class='ocrx_word' id='word_1_133' title='bbox 1686 2247 1809 2314; x_wconf 89' lang='lat' dir='ltr'><strong>Crucis</strong></span> <span class='ocrx_word' id='word_1_134' title='bbox 1841 2254 1886 2314; x_wconf 93' lang='lat' dir='ltr'><strong>de</strong></span> 
     </span>
     <span class='ocr_line' id='line_1_14' title="bbox 181 2384 1884 2470; baseline 0.004 -25"><span class='ocrx_word' id='word_1_135' title='bbox 181 2384 289 2468; x_wconf 74' lang='lat' dir='ltr'><strong>vines,</strong></span> <span class='ocrx_word' id='word_1_136' title='bbox 310 2390 344 2451; x_wconf 93' lang='lat' dir='ltr'><strong>b.</strong></span> <span class='ocrx_word' id='word_1_137' title='bbox 360 2388 497 2450; x_wconf 90' lang='lat' dir='ltr'><strong>Mariae</strong></span> <span class='ocrx_word' id='word_1_138' title='bbox 521 2391 565 2450; x_wconf 90' lang='lat' dir='ltr'><strong>de</strong></span> <span class='ocrx_word' id='word_1_139' title='bbox 586 2387 696 2452; x_wconf 84' lang='lat' dir='ltr'><strong>Szent</strong></span> <span class='ocrx_word' id='word_1_140' title='bbox 712 2389 812 2468; x_wconf 91' lang='lat' dir='ltr'><strong>Iobb,</strong></span> <span class='ocrx_word' id='word_1_141' title='bbox 836 2408 863 2450; x_wconf 91' lang='lat' dir='ltr'><strong>s.</strong></span> <span class='ocrx_word' id='word_1_142' title='bbox 883 2386 1035 2451; x_wconf 89' lang='lat' dir='ltr'><strong>Gerardi</strong></span> <span class='ocrx_word' id='word_1_143' title='bbox 1058 2389 1102 2450; x_wconf 91' lang='lat' dir='ltr'><strong>de</strong></span> <span class='ocrx_word' id='word_1_144' title='bbox 1119 2387 1261 2450; x_wconf 75' lang='lat' dir='ltr'><strong>Czanad</strong></span> <span class='ocrx_word' id='word_1_145' title='bbox 1285 2387 1364 2449; x_wconf 91' lang='lat' dir='ltr'><strong>aliis</strong></span> <span class='ocrx_word' id='word_1_146' title='bbox 1388 2388 1571 2450; x_wconf 89' lang='lat' dir='ltr'><strong>ordinibus</strong></span> <span class='ocrx_word' id='word_1_147' title='bbox 1594 2391 1884 2470; x_wconf 87' lang='lat' dir='ltr'><strong>concederentur.</strong></span> 
     </span>
    </p>
   </div>
   <div class='ocr_carea' id='block_1_3' title="bbox 183 2523 1886 2608">
    <p class='ocr_par' dir='ltr' id='par_1_4' title="bbox 183 2523 1886 2608">
     <span class='ocr_line' id='line_1_15' title="bbox 183 2523 1886 2608; baseline 0.003 -24"><span class='ocrx_word' id='word_1_148' title='bbox 183 2523 211 2585; x_wconf 89' lang='lat' dir='ltr'><strong>In</strong></span> <span class='ocrx_word' id='word_1_149' title='bbox 227 2527 354 2608; x_wconf 89' lang='lat' dir='ltr'><strong>reliquis</strong></span> <span class='ocrx_word' id='word_1_150' title='bbox 378 2547 464 2590; x_wconf 89' lang='lat' dir='ltr'><strong>vero</strong></span> <span class='ocrx_word' id='word_1_151' title='bbox 488 2546 655 2589; x_wconf 90' lang='lat' dir='ltr'><strong>numerus</strong></span> <span class='ocrx_word' id='word_1_152' title='bbox 679 2527 852 2589; x_wconf 91' lang='lat' dir='ltr'><strong>sodalium</strong></span> <span class='ocrx_word' id='word_1_153' title='bbox 876 2527 967 2588; x_wconf 89' lang='lat' dir='ltr'><strong>adeo</strong></span> <span class='ocrx_word' id='word_1_154' title='bbox 991 2527 1196 2589; x_wconf 90' lang='lat' dir='ltr'><strong>imminutus</strong></span> <span class='ocrx_word' id='word_1_155' title='bbox 1219 2536 1310 2608; x_wconf 89' lang='lat' dir='ltr'><strong>erat,</strong></span> <span class='ocrx_word' id='word_1_156' title='bbox 1339 2537 1377 2589; x_wconf 94' lang='lat' dir='ltr'><strong>ut</strong></span> <span class='ocrx_word' id='word_1_157' title='bbox 1397 2527 1434 2589; x_wconf 93' lang='lat' dir='ltr'><strong>in</strong></span> <span class='ocrx_word' id='word_1_158' title='bbox 1457 2537 1577 2589; x_wconf 89' lang='lat' dir='ltr'><strong>monte</strong></span> <span class='ocrx_word' id='word_1_159' title='bbox 1600 2526 1822 2607; x_wconf 89' lang='lat' dir='ltr'><strong>Pannoniae,</strong></span> <span class='ocrx_word' id='word_1_160' title='bbox 1847 2537 1886 2589; x_wconf 93' lang='lat' dir='ltr'><strong>ut</strong></span> 
     </span>
    </p>
   </div>
   <div class='ocr_carea' id='block_1_4' title="bbox 184 2631 1806 2750">
    <p class='ocr_par' dir='ltr' id='par_1_5' title="bbox 184 2631 1806 2750">
     <span class='ocr_line' id='line_1_16' title="bbox 184 2631 1806 2750; baseline 0.005 -29"><span class='ocrx_word' id='word_1_161' title='bbox 184 2662 230 2724; x_wconf 86' lang='lat' dir='ltr'><strong>hoc</strong></span> <span class='ocrx_word' id='word_1_162' title='bbox 247 2665 452 2747; x_wconf 84' lang='lat' dir='ltr'><strong>adferamus,</strong></span> <span class='ocrx_word' id='word_1_163' title='bbox 475 2664 610 2727; x_wconf 90' lang='lat' dir='ltr'><strong>familia</strong></span> <span class='ocrx_word' id='word_1_164' title='bbox 633 2676 716 2728; x_wconf 89' lang='lat' dir='ltr'><strong>ante</strong></span> <span class='ocrx_word' id='word_1_165' title='bbox 733 2665 964 2728; x_wconf 90' lang='lat' dir='ltr'><strong>celeberrima</strong></span> <span class='ocrx_word' id='word_1_166' title='bbox 985 2631 1066 2742; x_wconf 84' lang='lat' dir='ltr'><strong>i480</strong></span> <span class='ocrx_word' id='word_1_167' title='bbox 1082 2685 1153 2728; x_wconf 92' lang='lat' dir='ltr'><strong>non</strong></span> <span class='ocrx_word' id='word_1_168' title='bbox 1168 2667 1249 2748; x_wconf 89' lang='lat' dir='ltr'><strong>plus</strong></span> <span class='ocrx_word' id='word_1_169' title='bbox 1266 2667 1391 2728; x_wconf 89' lang='lat' dir='ltr'><strong>decem</strong></span> <span class='ocrx_word' id='word_1_170' title='bbox 1406 2666 1594 2750; x_wconf 82' lang='lat' dir='ltr'><strong>religiosos</strong></span> <span class='ocrx_word' id='word_1_171' title='bbox 1609 2668 1759 2729; x_wconf 90' lang='lat' dir='ltr'><strong>haberet</strong></span> <span class='ocrx_word' id='word_1_172' title='bbox 1774 2668 1806 2748; x_wconf 89' lang='lat'><strong>¹).</strong></span> 
     </span>
    </p>
   </div>
   <div class='ocr_carea' id='block_1_5' title="bbox 186 2803 1889 4550">
    <p class='ocr_par' dir='ltr' id='par_1_6' title="bbox 186 2803 1887 3579">
     <span class='ocr_line' id='line_1_17' title="bbox 280 2803 1886 2886; baseline 0.001 -20"><span class='ocrx_word' id='word_1_173' title='bbox 280 2805 400 2885; x_wconf 91' lang='lat' dir='ltr'><strong>Atque</strong></span> <span class='ocrx_word' id='word_1_174' title='bbox 424 2804 530 2866; x_wconf 91' lang='lat' dir='ltr'><strong>etiam</strong></span> <span class='ocrx_word' id='word_1_175' title='bbox 554 2803 591 2866; x_wconf 93' lang='lat' dir='ltr'><strong>in</strong></span> <span class='ocrx_word' id='word_1_176' title='bbox 613 2804 798 2885; x_wconf 89' lang='lat' dir='ltr'><strong>provincia</strong></span> <span class='ocrx_word' id='word_1_177' title='bbox 821 2804 1044 2886; x_wconf 87' lang='lat' dir='ltr'><strong>Aquileiensi</strong></span> <span class='ocrx_word' id='word_1_178' title='bbox 1074 2807 1160 2867; x_wconf 91' lang='lat' dir='ltr'><strong>ordo</strong></span> <span class='ocrx_word' id='word_1_179' title='bbox 1186 2806 1317 2868; x_wconf 91' lang='lat' dir='ltr'><strong>damna</strong></span> <span class='ocrx_word' id='word_1_180' title='bbox 1346 2805 1492 2868; x_wconf 85' lang='lat' dir='ltr'><strong>fecerat.</strong></span> <span class='ocrx_word' id='word_1_181' title='bbox 1530 2804 1788 2868; x_wconf 88' lang='lat' dir='ltr'><strong>Monasterium</strong></span> <span class='ocrx_word' id='word_1_182' title='bbox 1811 2807 1886 2868; x_wconf 93' lang='lat' dir='ltr'><strong>Ro·</strong></span> 
     </span>
     <span class='ocr_line' id='line_1_18' title="bbox 186 2941 1885 3027; baseline 0.005 -29"><span class='ocrx_word' id='word_1_183' title='bbox 186 2956 256 3001; x_wconf 84' lang='lat' dir='ltr'><strong>sazzo</strong></span> <span class='ocrx_word' id='word_1_184' title='bbox 276 2961 295 3003; x_wconf 92' lang='lat' dir='ltr'><strong>a</strong></span> <span class='ocrx_word' id='word_1_185' title='bbox 315 2942 471 3006; x_wconf 90' lang='lat' dir='ltr'><strong>Martino</strong></span> <span class='ocrx_word' id='word_1_186' title='bbox 495 2941 538 3004; x_wconf 92' lang='lat' dir='ltr'><strong>V.</strong></span> <span class='ocrx_word' id='word_1_187' title='bbox 563 2952 731 3023; x_wconf 87' lang='lat' dir='ltr'><strong>tanquam</strong></span> <span class='ocrx_word' id='word_1_188' title='bbox 755 2942 886 3005; x_wconf 89' lang='lat' dir='ltr'><strong>fundus</strong></span> <span class='ocrx_word' id='word_1_189' title='bbox 909 2942 1134 3023; x_wconf 88' lang='lat' dir='ltr'><strong>patriarchae</strong></span> <span class='ocrx_word' id='word_1_190' title='bbox 1158 2943 1382 3024; x_wconf 91' lang='lat' dir='ltr'><strong>Aquileiensi</strong></span> <span class='ocrx_word' id='word_1_191' title='bbox 1405 2943 1614 3007; x_wconf 89' lang='lat' dir='ltr'><strong>attributum</strong></span> <span class='ocrx_word' id='word_1_192' title='bbox 1637 2953 1707 3023; x_wconf 91' lang='lat' dir='ltr'><strong>est,</strong></span> <span class='ocrx_word' id='word_1_193' title='bbox 1737 2943 1885 3027; x_wconf 83' lang='lat' dir='ltr'><strong>Moggio</strong></span> 
     </span>
     <span class='ocr_line' id='line_1_19' title="bbox 186 3077 1885 3166; baseline 0.002 -27"><span class='ocrx_word' id='word_1_194' title='bbox 186 3086 210 3135; x_wconf 89' lang='lat' dir='ltr'><strong>et</strong></span> <span class='ocrx_word' id='word_1_195' title='bbox 227 3077 359 3163; x_wconf 85' lang='lat' dir='ltr'><strong>Beligna</strong></span> <span class='ocrx_word' id='word_1_196' title='bbox 382 3102 493 3166; x_wconf 85' lang='lat' dir='ltr'><strong>aegre</strong></span> <span class='ocrx_word' id='word_1_197' title='bbox 516 3081 627 3144; x_wconf 91' lang='lat' dir='ltr'><strong>vitam</strong></span> <span class='ocrx_word' id='word_1_198' title='bbox 651 3083 901 3144; x_wconf 90' lang='lat' dir='ltr'><strong>toleraverant.</strong></span> <span class='ocrx_word' id='word_1_199' title='bbox 941 3081 1091 3144; x_wconf 87' lang='lat' dir='ltr'><strong>Tristior</strong></span> <span class='ocrx_word' id='word_1_200' title='bbox 1115 3091 1193 3145; x_wconf 90' lang='lat' dir='ltr'><strong>erat</strong></span> <span class='ocrx_word' id='word_1_201' title='bbox 1215 3082 1377 3146; x_wconf 90' lang='lat' dir='ltr'><strong>condicio</strong></span> <span class='ocrx_word' id='word_1_202' title='bbox 1401 3082 1534 3145; x_wconf 90' lang='lat' dir='ltr'><strong>ordinis</strong></span> <span class='ocrx_word' id='word_1_203' title='bbox 1558 3082 1593 3145; x_wconf 92' lang='lat' dir='ltr'><strong>in</strong></span> <span class='ocrx_word' id='word_1_204' title='bbox 1608 3082 1799 3162; x_wconf 90' lang='lat' dir='ltr'><strong>Dalmatia,</strong></span> <span class='ocrx_word' id='word_1_205' title='bbox 1824 3081 1885 3144; x_wconf 93' lang='lat' dir='ltr'><strong>ubi</strong></span> 
     </span>
     <span class='ocr_line' id='line_1_20' title="bbox 187 3217 1886 3303; baseline 0.002 -24"><span class='ocrx_word' id='word_1_206' title='bbox 187 3217 280 3290; x_wconf 79' lang='lat' dir='ltr'><strong>partim</strong></span> <span class='ocrx_word' id='word_1_207' title='bbox 300 3221 378 3284; x_wconf 90' lang='lat' dir='ltr'><strong>aliis</strong></span> <span class='ocrx_word' id='word_1_208' title='bbox 402 3222 585 3284; x_wconf 90' lang='lat' dir='ltr'><strong>ordinibus</strong></span> <span class='ocrx_word' id='word_1_209' title='bbox 609 3220 780 3303; x_wconf 89' lang='lat' dir='ltr'><strong>imprimis</strong></span> <span class='ocrx_word' id='word_1_210' title='bbox 803 3241 830 3283; x_wconf 92' lang='lat' dir='ltr'><strong>s.</strong></span> <span class='ocrx_word' id='word_1_211' title='bbox 855 3220 1033 3282; x_wconf 92' lang='lat' dir='ltr'><strong>Dominici</strong></span> <span class='ocrx_word' id='word_1_212' title='bbox 1062 3229 1099 3283; x_wconf 92' lang='lat' dir='ltr'><strong>et</strong></span> <span class='ocrx_word' id='word_1_213' title='bbox 1121 3221 1303 3284; x_wconf 89' lang='lat' dir='ltr'><strong>Francisci</strong></span> <span class='ocrx_word' id='word_1_214' title='bbox 1336 3223 1506 3303; x_wconf 89' lang='lat' dir='ltr'><strong>cedebat,</strong></span> <span class='ocrx_word' id='word_1_215' title='bbox 1538 3220 1668 3303; x_wconf 90' lang='lat' dir='ltr'><strong>partim</strong></span> <span class='ocrx_word' id='word_1_216' title='bbox 1691 3221 1886 3283; x_wconf 89' lang='lat' dir='ltr'><strong>Turcarum</strong></span> 
     </span>
     <span class='ocr_line' id='line_1_21' title="bbox 187 3349 1887 3440; baseline 0.005 -27"><span class='ocrx_word' id='word_1_217' title='bbox 187 3349 408 3422; x_wconf 84' lang='lat' dir='ltr'><strong>incursionibus</strong></span> <span class='ocrx_word' id='word_1_218' title='bbox 431 3360 708 3440; x_wconf 88' lang='lat' dir='ltr'><strong>opprimebatur.</strong></span> <span class='ocrx_word' id='word_1_219' title='bbox 747 3358 788 3421; x_wconf 92' lang='lat' dir='ltr'><strong>In</strong></span> <span class='ocrx_word' id='word_1_220' title='bbox 812 3357 935 3421; x_wconf 91' lang='lat' dir='ltr'><strong>insulis</strong></span> <span class='ocrx_word' id='word_1_221' title='bbox 959 3367 1096 3421; x_wconf 91' lang='lat' dir='ltr'><strong>tantum</strong></span> <span class='ocrx_word' id='word_1_222' title='bbox 1112 3358 1314 3422; x_wconf 89' lang='lat' dir='ltr'><strong>Dalmatiae</strong></span> <span class='ocrx_word' id='word_1_223' title='bbox 1333 3370 1372 3422; x_wconf 93' lang='lat' dir='ltr'><strong>ut</strong></span> <span class='ocrx_word' id='word_1_224' title='bbox 1389 3360 1488 3422; x_wconf 88' lang='lat' dir='ltr'><strong>Arbe</strong></span> <span class='ocrx_word' id='word_1_225' title='bbox 1512 3370 1549 3422; x_wconf 91' lang='lat' dir='ltr'><strong>et</strong></span> <span class='ocrx_word' id='word_1_226' title='bbox 1565 3360 1660 3422; x_wconf 92' lang='lat' dir='ltr'><strong>Trau</strong></span> <span class='ocrx_word' id='word_1_227' title='bbox 1683 3359 1887 3422; x_wconf 89' lang='lat' dir='ltr'><strong>monialium</strong></span> 
     </span>
     <span class='ocr_line' id='line_1_22' title="bbox 187 3496 840 3579; baseline 0.014 -29"><span class='ocrx_word' id='word_1_228' title='bbox 187 3497 323 3559; x_wconf 88' lang='lat' dir='ltr'><strong>coenobia</strong></span> <span class='ocrx_word' id='word_1_229' title='bbox 345 3497 517 3579; x_wconf 89' lang='lat' dir='ltr'><strong>perniciei</strong></span> <span class='ocrx_word' id='word_1_230' title='bbox 540 3496 792 3578; x_wconf 88' lang='lat' dir='ltr'><strong>superfuerunt</strong></span> <span class='ocrx_word' id='word_1_231' title='bbox 806 3497 840 3575; x_wconf 84' lang='lat'><strong>²).</strong></span> 
     </span>
    </p>

    <p class='ocr_par' dir='ltr' id='par_1_7' title="bbox 187 3636 1889 4550">
     <span class='ocr_line' id='line_1_23' title="bbox 281 3636 1887 3717; baseline 0 -20"><span class='ocrx_word' id='word_1_232' title='bbox 281 3636 459 3717; x_wconf 90' lang='lat' dir='ltr'><strong>Prospera</strong></span> <span class='ocrx_word' id='word_1_233' title='bbox 481 3656 567 3699; x_wconf 88' lang='lat' dir='ltr'><strong>vero</strong></span> <span class='ocrx_word' id='word_1_234' title='bbox 590 3637 709 3699; x_wconf 89' lang='lat' dir='ltr'><strong>studia</strong></span> <span class='ocrx_word' id='word_1_235' title='bbox 732 3657 753 3697; x_wconf 91' lang='lat' dir='ltr'><strong>a</strong></span> <span class='ocrx_word' id='word_1_236' title='bbox 777 3637 921 3698; x_wconf 89' lang='lat' dir='ltr'><strong>saeculo</strong></span> <span class='ocrx_word' id='word_1_237' title='bbox 950 3637 1087 3699; x_wconf 89' lang='lat' dir='ltr'><strong>decimo</strong></span> <span class='ocrx_word' id='word_1_238' title='bbox 1116 3636 1222 3699; x_wconf 91' lang='lat' dir='ltr'><strong>tertio</strong></span> <span class='ocrx_word' id='word_1_239' title='bbox 1252 3637 1288 3699; x_wconf 93' lang='lat' dir='ltr'><strong>in</strong></span> <span class='ocrx_word' id='word_1_240' title='bbox 1318 3637 1490 3699; x_wconf 90' lang='lat' dir='ltr'><strong>Bohemia</strong></span> <span class='ocrx_word' id='word_1_241' title='bbox 1521 3645 1632 3700; x_wconf 89' lang='lat' dir='ltr'><strong>erant.</strong></span> <span class='ocrx_word' id='word_1_242' title='bbox 1678 3637 1734 3698; x_wconf 87' lang='lat' dir='ltr'><strong>Ex</strong></span> <span class='ocrx_word' id='word_1_243' title='bbox 1767 3655 1887 3698; x_wconf 90' lang='lat' dir='ltr'><strong>mona-</strong></span> 
     </span>
     <span class='ocr_line' id='line_1_24' title="bbox 187 3771 1888 3858; baseline 0.005 -30"><span class='ocrx_word' id='word_1_244' title='bbox 187 3771 263 3834; x_wconf 79' lang='lat' dir='ltr'><strong>sterio</strong></span> <span class='ocrx_word' id='word_1_245' title='bbox 283 3774 540 3837; x_wconf 81' lang='lat' dir='ltr'><strong>Blevnoviensi</strong></span> <span class='ocrx_word' id='word_1_246' title='bbox 563 3777 609 3836; x_wconf 88' lang='lat' dir='ltr'><strong>ab</strong></span> <span class='ocrx_word' id='word_1_247' title='bbox 633 3773 805 3838; x_wconf 89' lang='lat' dir='ltr'><strong>Ottocaro</strong></span> <span class='ocrx_word' id='word_1_248' title='bbox 829 3775 872 3837; x_wconf 91' lang='lat' dir='ltr'><strong>H.</strong></span> <span class='ocrx_word' id='word_1_249' title='bbox 897 3794 984 3858; x_wconf 82' lang='lat' dir='ltr'><strong>rege</strong></span> <span class='ocrx_word' id='word_1_250' title='bbox 1013 3781 1092 3837; x_wconf 81' lang='lat'>1213</span> <span class='ocrx_word' id='word_1_251' title='bbox 1117 3785 1246 3858; x_wconf 86' lang='lat' dir='ltr'><strong>rogatu</strong></span> <span class='ocrx_word' id='word_1_252' title='bbox 1271 3774 1452 3839; x_wconf 90' lang='lat' dir='ltr'><strong>Chunonis</strong></span> <span class='ocrx_word' id='word_1_253' title='bbox 1479 3775 1621 3838; x_wconf 89' lang='lat' dir='ltr'><strong>abbatis</strong></span> <span class='ocrx_word' id='word_1_254' title='bbox 1649 3775 1789 3837; x_wconf 91' lang='lat' dir='ltr'><strong>colonia</strong></span> <span class='ocrx_word' id='word_1_255' title='bbox 1813 3794 1888 3837; x_wconf 88' lang='lat' dir='ltr'><strong>ere·</strong></span> 
     </span>
     <span class='ocr_line' id='line_1_25' title="bbox 187 3905 1887 3994; baseline 0.001 -23"><span class='ocrx_word' id='word_1_256' title='bbox 187 3905 522 3977; x_wconf 80' lang='lat' dir='ltr'><strong>nitarumP01itzium</strong></span> <span class='ocrx_word' id='word_1_257' title='bbox 546 3914 700 3976; x_wconf 89' lang='lat' dir='ltr'><strong>deducta</strong></span> <span class='ocrx_word' id='word_1_258' title='bbox 724 3923 789 3993; x_wconf 93' lang='lat' dir='ltr'><strong>est,</strong></span> <span class='ocrx_word' id='word_1_259' title='bbox 813 3934 905 3994; x_wconf 90' lang='lat' dir='ltr'><strong>quae</strong></span> <span class='ocrx_word' id='word_1_260' title='bbox 929 3933 1079 3994; x_wconf 90' lang='lat' dir='ltr'><strong>parvum</strong></span> <span class='ocrx_word' id='word_1_261' title='bbox 1103 3914 1355 3976; x_wconf 88' lang='lat' dir='ltr'><strong>monasterium</strong></span> <span class='ocrx_word' id='word_1_262' title='bbox 1379 3914 1554 3993; x_wconf 90' lang='lat' dir='ltr'><strong>condidit,</strong></span> <span class='ocrx_word' id='word_1_263' title='bbox 1586 3933 1633 3975; x_wconf 83' lang='lat' dir='ltr'><strong>ex</strong></span> <span class='ocrx_word' id='word_1_264' title='bbox 1664 3933 1734 3994; x_wconf 94' lang='lat' dir='ltr'><strong>quo</strong></span> <span class='ocrx_word' id='word_1_265' title='bbox 1762 3921 1887 3993; x_wconf 92' lang='lat' dir='ltr'><strong>postea</strong></span> 
     </span>
     <span class='ocr_line' id='line_1_26' title="bbox 188 4051 1888 4134; baseline 0.002 -25"><span class='ocrx_word' id='word_1_266' title='bbox 188 4051 398 4129; x_wconf 86' lang='lat' dir='ltr'><strong>praepositura</strong></span> <span class='ocrx_word' id='word_1_267' title='bbox 432 4054 562 4114; x_wconf 90' lang='lat' dir='ltr'><strong>beatae</strong></span> <span class='ocrx_word' id='word_1_268' title='bbox 592 4051 722 4134; x_wconf 86' lang='lat' dir='ltr'><strong>virgini</strong></span> <span class='ocrx_word' id='word_1_269' title='bbox 752 4052 918 4115; x_wconf 90' lang='lat' dir='ltr'><strong>dedicata</strong></span> <span class='ocrx_word' id='word_1_270' title='bbox 949 4053 1082 4134; x_wconf 90' lang='lat' dir='ltr'><strong>prodiit</strong></span> <span class='ocrx_word' id='word_1_271' title='bbox 1095 4054 1130 4133; x_wconf 80' lang='lat'><strong>³).</strong></span> <span class='ocrx_word' id='word_1_272' title='bbox 1177 4053 1237 4115; x_wconf 95' lang='lat' dir='ltr'><strong>Ab</strong></span> <span class='ocrx_word' id='word_1_273' title='bbox 1270 4054 1396 4115; x_wconf 91' lang='lat' dir='ltr'><strong>eodem</strong></span> <span class='ocrx_word' id='word_1_274' title='bbox 1430 4053 1644 4116; x_wconf 89' lang='lat' dir='ltr'><strong>monasterio</strong></span> <span class='ocrx_word' id='word_1_275' title='bbox 1676 4072 1742 4132; x_wconf 92' lang='lat' dir='ltr'><strong>per</strong></span> <span class='ocrx_word' id='word_1_276' title='bbox 1772 4051 1888 4113; x_wconf 89' lang='lat' dir='ltr'><strong>Bava-</strong></span> 
     </span>
     <span class='ocr_line' id='line_1_27' title="bbox 188 4189 1887 4273; baseline 0.002 -27"><span class='ocrx_word' id='word_1_277' title='bbox 188 4197 241 4245; x_wconf 77' lang='lat' dir='ltr'><strong>run</strong></span> <span class='ocrx_word' id='word_1_278' title='bbox 259 4190 417 4252; x_wconf 89' lang='lat' dir='ltr'><strong>abbatem</strong></span> <span class='ocrx_word' id='word_1_279' title='bbox 440 4191 623 4253; x_wconf 87' lang='lat' dir='ltr'><strong>castellum</strong></span> <span class='ocrx_word' id='word_1_280' title='bbox 648 4191 851 4253; x_wconf 89' lang='lat' dir='ltr'><strong>Braunavia</strong></span> <span class='ocrx_word' id='word_1_281' title='bbox 879 4191 915 4253; x_wconf 94' lang='lat' dir='ltr'><strong>in</strong></span> <span class='ocrx_word' id='word_1_282' title='bbox 939 4191 1224 4272; x_wconf 87' lang='lat' dir='ltr'><strong>praeposituram</strong></span> <span class='ocrx_word' id='word_1_283' title='bbox 1252 4201 1505 4255; x_wconf 88' lang='lat' dir='ltr'><strong>commutatum</strong></span> <span class='ocrx_word' id='word_1_284' title='bbox 1535 4201 1589 4254; x_wconf 91' lang='lat' dir='ltr'><strong>est</strong></span> <span class='ocrx_word' id='word_1_285' title='bbox 1603 4193 1637 4273; x_wconf 82' lang='lat'><strong>⁴).</strong></span> <span class='ocrx_word' id='word_1_286' title='bbox 1676 4189 1887 4269; x_wconf 91' lang='lat' dir='ltr'><strong>Kladrubia‚</strong></span> 
     </span>
     <span class='ocr_line' id='line_1_28' title="bbox 190 4327 1889 4413; baseline 0.002 -28"><span class='ocrx_word' id='word_1_287' title='bbox 190 4336 254 4396; x_wconf 77' lang='lat' dir='ltr'><strong>quae</strong></span> <span class='ocrx_word' id='word_1_288' title='bbox 282 4328 514 4411; x_wconf 89' lang='lat' dir='ltr'><strong>suscipiendis</strong></span> <span class='ocrx_word' id='word_1_289' title='bbox 549 4327 736 4391; x_wconf 86' lang='lat' dir='ltr'><strong>Germanis</strong></span> <span class='ocrx_word' id='word_1_290' title='bbox 771 4329 906 4391; x_wconf 90' lang='lat' dir='ltr'><strong>colonis</strong></span> <span class='ocrx_word' id='word_1_291' title='bbox 941 4349 1107 4413; x_wconf 86' lang='lat' dir='ltr'><strong>magnam</strong></span> <span class='ocrx_word' id='word_1_292' title='bbox 1142 4331 1187 4392; x_wconf 91' lang='lat' dir='ltr'><strong>de</strong></span> <span class='ocrx_word' id='word_1_293' title='bbox 1222 4330 1459 4392; x_wconf 89' lang='lat' dir='ltr'><strong>Bohemorum</strong></span> <span class='ocrx_word' id='word_1_294' title='bbox 1494 4329 1713 4393; x_wconf 87' lang='lat' dir='ltr'><strong>humanitate</strong></span> <span class='ocrx_word' id='word_1_295' title='bbox 1747 4328 1889 4389; x_wconf 91' lang='lat' dir='ltr'><strong>laudem</strong></span> 
     </span>
     <span class='ocr_line' id='line_1_29' title="bbox 192 4454 1888 4550; baseline 0 -23"><span class='ocrx_word' id='word_1_296' title='bbox 192 4454 237 4518; x_wconf 70' lang='lat' dir='ltr'><strong>Sibi</strong></span> <span class='ocrx_word' id='word_1_297' title='bbox 259 4469 466 4548; x_wconf 87' lang='lat' dir='ltr'><strong>merebatur,</strong></span> <span class='ocrx_word' id='word_1_298' title='bbox 497 4468 695 4549; x_wconf 88' lang='lat' dir='ltr'><strong>Presticae‚</strong></span> <span class='ocrx_word' id='word_1_299' title='bbox 728 4470 823 4549; x_wconf 91' lang='lat' dir='ltr'><strong>quod</strong></span> <span class='ocrx_word' id='word_1_300' title='bbox 854 4469 1040 4549; x_wconf 90' lang='lat' dir='ltr'><strong>praedium</strong></span> <span class='ocrx_word' id='word_1_301' title='bbox 1068 4468 1247 4531; x_wconf 89' lang='lat' dir='ltr'><strong>Rainerus</strong></span> <span class='ocrx_word' id='word_1_302' title='bbox 1278 4470 1391 4530; x_wconf 90' lang='lat' dir='ltr'><strong>abbas</strong></span> <span class='ocrx_word' id='word_1_303' title='bbox 1422 4471 1467 4530; x_wconf 92' lang='lat' dir='ltr'><strong>ab</strong></span> <span class='ocrx_word' id='word_1_304' title='bbox 1497 4468 1656 4550; x_wconf 86' lang='lat' dir='ltr'><strong>Agnete,</strong></span> <span class='ocrx_word' id='word_1_305' title='bbox 1687 4466 1758 4530; x_wconf 89' lang='lat' dir='ltr'><strong>filia</strong></span> <span class='ocrx_word' id='word_1_306' title='bbox 1786 4465 1888 4529; x_wconf 91' lang='lat' dir='ltr'><strong>Otto·</strong></span> 
     </span>
    </p>
   </div>
   <div class='ocr_carea' id='block_1_6' title="bbox 192 4598 1889 4691">
    <p class='ocr_par' dir='ltr' id='par_1_8' title="bbox 192 4598 1889 4691">
     <span class='ocr_line' id='line_1_30' title="bbox 192 4598 1889 4691; baseline 0.008 -40"><span class='ocrx_word' id='word_1_307' title='bbox 192 4598 241 4657; x_wconf 85' lang='lat' dir='ltr'><strong>cari</strong></span> <span class='ocrx_word' id='word_1_308' title='bbox 258 4602 277 4663; x_wconf 90' lang='lat' dir='ltr'><strong>l.</strong></span> <span class='ocrx_word' id='word_1_309' title='bbox 297 4607 399 4690; x_wconf 85' lang='lat' dir='ltr'><strong>regis,</strong></span> <span class='ocrx_word' id='word_1_310' title='bbox 429 4612 509 4684; x_wconf 83' lang='lat'>1245</span> <span class='ocrx_word' id='word_1_311' title='bbox 535 4607 602 4671; x_wconf 91' lang='lat' dir='ltr'><strong>sibi</strong></span> <span class='ocrx_word' id='word_1_312' title='bbox 619 4618 900 4688; x_wconf 86' lang='lat' dir='ltr'><strong>comparaverat,</strong></span> <span class='ocrx_word' id='word_1_313' title='bbox 925 4608 1168 4691; x_wconf 88' lang='lat' dir='ltr'><strong>Frauenbergi</strong></span> <span class='ocrx_word' id='word_1_314' title='bbox 1190 4608 1345 4689; x_wconf 75' lang='lat' dir='ltr'><strong>(Prinda)</strong></span> <span class='ocrx_word' id='word_1_315' title='bbox 1373 4611 1452 4670; x_wconf 81' lang='lat'>1306</span> <span class='ocrx_word' id='word_1_316' title='bbox 1477 4608 1543 4669; x_wconf 91' lang='lat' dir='ltr'><strong>sub</strong></span> <span class='ocrx_word' id='word_1_317' title='bbox 1560 4605 1723 4668; x_wconf 91' lang='lat' dir='ltr'><strong>Conrado</strong></span> <span class='ocrx_word' id='word_1_318' title='bbox 1747 4605 1889 4683; x_wconf 85' lang='lat' dir='ltr'><strong>abbate,</strong></span> 
     </span>
    </p>
   </div>
   <div class='ocr_carea' id='block_1_7' title="bbox 199 4759 461 4785">
    <p class='ocr_par' dir='ltr' id='par_1_9' title="bbox 199 4759 461 4785">
     <span class='ocr_line' id='line_1_31' title="bbox 199 4759 461 4785; baseline 0 0"><span class='ocrx_word' id='word_1_319' title='bbox 199 4759 461 4785; x_wconf 27' lang='lat' dir='ltr'><strong>g—</strong></span> 
     </span>
    </p>
   </div>
   <div class='ocr_carea' id='block_1_8' title="bbox 200 4876 1891 5404">
    <p class='ocr_par' dir='ltr' id='par_1_10' title="bbox 291 4876 578 4954">
     <span class='ocr_line' id='line_1_32' title="bbox 291 4876 578 4954; baseline -0.003 -19"><span class='ocrx_word' id='word_1_320' title='bbox 291 4876 309 4954; x_wconf 90' lang='lat'><strong>¹)</strong></span> <span class='ocrx_word' id='word_1_321' title='bbox 332 4880 439 4935; x_wconf 89' lang='lat' dir='ltr'><strong>Czinar</strong></span> <span class='ocrx_word' id='word_1_322' title='bbox 462 4879 480 4934; x_wconf 93' lang='lat' dir='ltr'><strong>l.</strong></span> <span class='ocrx_word' id='word_1_323' title='bbox 506 4899 531 4935; x_wconf 92' lang='lat' dir='ltr'><strong>c.</strong></span> <span class='ocrx_word' id='word_1_324' title='bbox 556 4879 578 4934; x_wconf 95' lang='grc' dir='ltr'><strong>Ι.</strong></span> 
     </span>
    </p>

    <p class='ocr_par' dir='ltr' id='par_1_11' title="bbox 292 4987 922 5067">
     <span class='ocr_line' id='line_1_33' title="bbox 292 4987 922 5067; baseline -0.002 -18"><span class='ocrx_word' id='word_1_325' title='bbox 292 4987 311 5067; x_wconf 72' lang='grc'><strong>2)</strong></span> <span class='ocrx_word' id='word_1_326' title='bbox 332 4994 464 5066; x_wconf 77' lang='lat' dir='ltr'><strong>Czdrnig</strong></span> <span class='ocrx_word' id='word_1_327' title='bbox 488 4992 506 5047; x_wconf 91' lang='lat' dir='ltr'><strong>l.</strong></span> <span class='ocrx_word' id='word_1_328' title='bbox 531 5010 557 5047; x_wconf 93' lang='lat' dir='ltr'><strong>c.</strong></span> <span class='ocrx_word' id='word_1_329' title='bbox 582 5010 611 5046; x_wconf 92' lang='lat' dir='ltr'><strong>v.</strong></span> <span class='ocrx_word' id='word_1_330' title='bbox 635 4990 829 5066; x_wconf 82' lang='lat' dir='ltr'><strong>Eitcibcrger</strong></span> <span class='ocrx_word' id='word_1_331' title='bbox 854 4993 872 5049; x_wconf 93' lang='lat' dir='ltr'><strong>l.</strong></span> <span class='ocrx_word' id='word_1_332' title='bbox 897 5012 922 5048; x_wconf 91' lang='lat' dir='ltr'><strong>c.</strong></span> 
     </span>
    </p>

    <p class='ocr_par' dir='ltr' id='par_1_12' title="bbox 289 5099 762 5178">
     <span class='ocr_line' id='line_1_34' title="bbox 289 5099 762 5178; baseline -0.004 -17"><span class='ocrx_word' id='word_1_333' title='bbox 289 5099 309 5178; x_wconf 70' lang='lat' dir='ltr'><strong>i)</strong></span> <span class='ocrx_word' id='word_1_334' title='bbox 330 5105 503 5161; x_wconf 86' lang='lat' dir='ltr'><strong>Chronicon</strong></span> <span class='ocrx_word' id='word_1_335' title='bbox 526 5106 762 5161; x_wconf 78' lang='lat' dir='ltr'><strong>Blevnoviense.</strong></span> 
     </span>
    </p>

    <p class='ocr_par' dir='ltr' id='par_1_13' title="bbox 200 5211 1891 5404">
     <span class='ocr_line' id='line_1_35' title="bbox 291 5211 1891 5292; baseline -0.003 -20"><span class='ocrx_word' id='word_1_336' title='bbox 291 5211 310 5291; x_wconf 72' lang='lat' dir='ltr'><strong>i)</strong></span> <span class='ocrx_word' id='word_1_337' title='bbox 332 5216 358 5271; x_wconf 87' lang='lat' dir='ltr'><strong>A</strong></span> <span class='ocrx_word' id='word_1_338' title='bbox 382 5218 554 5273; x_wconf 82' lang='lat' dir='ltr'><strong>Bievnovio</strong></span> <span class='ocrx_word' id='word_1_339' title='bbox 579 5219 667 5273; x_wconf 88' lang='lat' dir='ltr'><strong>etiam</strong></span> <span class='ocrx_word' id='word_1_340' title='bbox 692 5217 810 5290; x_wconf 86' lang='lat' dir='ltr'><strong>Pragae</strong></span> <span class='ocrx_word' id='word_1_341' title='bbox 832 5218 869 5273; x_wconf 90' lang='lat' dir='ltr'><strong>ad</strong></span> <span class='ocrx_word' id='word_1_342' title='bbox 894 5237 917 5274; x_wconf 87' lang='lat' dir='ltr'><strong>s.</strong></span> <span class='ocrx_word' id='word_1_343' title='bbox 943 5218 1091 5273; x_wconf 69' lang='lat' dir='ltr'><strong>&#39;l‘homam</strong></span> <span class='ocrx_word' id='word_1_344' title='bbox 1114 5236 1170 5292; x_wconf 87' lang='lat' dir='ltr'><strong>per</strong></span> <span class='ocrx_word' id='word_1_345' title='bbox 1193 5235 1295 5291; x_wconf 87' lang='lat' dir='ltr'><strong>regem</strong></span> <span class='ocrx_word' id='word_1_346' title='bbox 1320 5214 1514 5288; x_wconf 81' lang='lat' dir='ltr'><strong>Plemyslium</strong></span> <span class='ocrx_word' id='word_1_347' title='bbox 1538 5214 1717 5270; x_wconf 89' lang='lat' dir='ltr'><strong>Ottocarum</strong></span> <span class='ocrx_word' id='word_1_348' title='bbox 1742 5214 1764 5270; x_wconf 90' lang='lat'><strong>1.</strong></span> <span class='ocrx_word' id='word_1_349' title='bbox 1789 5231 1891 5269; x_wconf 86' lang='lat' dir='ltr'><strong>mona-</strong></span> 
     </span>
     <span class='ocr_line' id='line_1_36' title="bbox 200 5319 1891 5404; baseline 0.008 -36"><span class='ocrx_word' id='word_1_350' title='bbox 200 5319 284 5379; x_wconf 76' lang='lat' dir='ltr'><strong>sanun</strong></span> <span class='ocrx_word' id='word_1_351' title='bbox 312 5330 461 5386; x_wconf 87' lang='lat' dir='ltr'><strong>conditum</strong></span> <span class='ocrx_word' id='word_1_352' title='bbox 492 5348 561 5386; x_wconf 89' lang='lat' dir='ltr'><strong>esse</strong></span> <span class='ocrx_word' id='word_1_353' title='bbox 591 5330 708 5396; x_wconf 87' lang='lat' dir='ltr'><strong>dicitur,</strong></span> <span class='ocrx_word' id='word_1_354' title='bbox 741 5330 821 5404; x_wconf 90' lang='lat' dir='ltr'><strong>quod</strong></span> <span class='ocrx_word' id='word_1_355' title='bbox 852 5329 908 5386; x_wconf 88' lang='lat' dir='ltr'><strong>sub</strong></span> <span class='ocrx_word' id='word_1_356' title='bbox 932 5330 1088 5387; x_wconf 87' lang='lat' dir='ltr'><strong>Wenzelio</strong></span> <span class='ocrx_word' id='word_1_357' title='bbox 1117 5330 1153 5386; x_wconf 91' lang='lat'><strong>11.</strong></span> <span class='ocrx_word' id='word_1_358' title='bbox 1190 5327 1269 5386; x_wconf 84' lang='lat'>1286</span> <span class='ocrx_word' id='word_1_359' title='bbox 1301 5328 1397 5385; x_wconf 89' lang='lat' dir='ltr'><strong>ordini</strong></span> <span class='ocrx_word' id='word_1_360' title='bbox 1430 5328 1631 5383; x_wconf 83' lang='lat' dir='ltr'><strong>Eremitarum</strong></span> <span class='ocrx_word' id='word_1_361' title='bbox 1655 5325 1891 5401; x_wconf 83' lang='lat' dir='ltr'><strong>Augustinorum</strong></span> 
     </span>
    </p>
   </div>
   <div class='ocr_carea' id='block_1_9' title="bbox 200 5439 838 5505">
    <p class='ocr_par' dir='ltr' id='par_1_14' title="bbox 200 5439 838 5505">
     <span class='ocr_line' id='line_1_37' title="bbox 200 5439 838 5505; baseline 0.013 -16"><span class='ocrx_word' id='word_1_362' title='bbox 200 5439 333 5496; x_wconf 71' lang='lat' dir='ltr'><strong>concessum</strong></span> <span class='ocrx_word' id='word_1_363' title='bbox 358 5457 414 5498; x_wconf 86' lang='lat' dir='ltr'><strong>est.</strong></span> <span class='ocrx_word' id='word_1_364' title='bbox 446 5443 588 5499; x_wconf 86' lang='lat' dir='ltr'><strong>Chronic.</strong></span> <span class='ocrx_word' id='word_1_365' title='bbox 613 5443 766 5498; x_wconf 75' lang='lat' dir='ltr'><strong>Bievnov.</strong></span> <span class='ocrx_word' id='word_1_366' title='bbox 835 5497 838 5505; x_wconf 83' lang='grc'>,</span> 
     </span>
    </p>
   </div>
   <div class='ocr_carea' id='block_1_10' title="bbox 0 0 2067 6260">
    <p class='ocr_par' dir='ltr' id='par_1_15' title="bbox 0 0 2067 6260">
     <span class='ocr_line' id='line_1_38' title="bbox 0 0 2067 6260; baseline 0 0"><span class='ocrx_word' id='word_1_367' title='bbox 0 0 2067 6260; x_wconf 95' lang='lat' dir='ltr'><strong> </strong></span> 
     </span>
    </p>
   </div>
  </div>
 </body>
</html>
