4034 6262
140 119 281 164 carmen
288 94 604 172 Latinum'elegiacum
616 97 806 172 inscriptum:
816 93 985 154 Valedictio

144 206 257 267 monti
270 202 459 268 Bezdezensi
480 201 562 278 quod
578 218 698 258 carmen
723 201 753 256 in
774 201 839 256 eius
859 201 986 258 historia

148 308 316 368 Emautina
330 306 517 383 descriptum
533 305 720 363 adservatur.

251 441 321 505 Non
337 441 429 504 satis
444 441 647 505 adumbrari
658 449 790 523 potest,
807 459 912 522 quam
929 459 987 505 co·

161 566 272 650 piosa,
286 572 321 625 at
336 581 424 626 vero
441 562 548 626 etiam
565 582 671 644 quarn
687 561 868 644 exquisita
888 561 988 625 inde·

163 687 276 750 fessus
296 684 457 749 Cechner
480 685 516 748 in
539 684 682 767 scriptis
711 684 785 747 suis
813 684 987 767 exegerit.

165 807 299 888 Omnia,
322 826 416 888 quae
439 806 592 890 scripsit,
620 805 800 869 volumina
827 804 928 869 brevi
952 806 987 868 in

165 939 350 1010 conspectu
381 927 468 1011 poni
495 928 600 991 facile
631 939 823 1010 nequeunt.
861 927 988 1010 Quoad

162 1050 245 1113 eius
253 1050 319 1113 fieri
331 1061 463 1133 potest,
476 1050 617 1113 omissis
630 1050 799 1132 plurimis,
810 1071 868 1114 res
881 1071 988 1133 quae·

136 1259 140 1268 .
161 1173 291 1237 damin
305 1173 509 1255 exemplum
526 1172 766 1236 subiciuntur:

251 1315 371 1373 Enarrat
396 1317 502 1373 merita
527 1330 557 1374 et
581 1317 681 1392 elogia
702 1318 816 1374 ordinis
843 1317 988 1375 Benedic-

161 1421 215 1477 tini
239 1421 261 1476 in
274 1420 423 1477 Bohemia.

252 1525 342 1582 Habet
368 1525 526 1582 historiam
553 1538 583 1582 et
610 1525 711 1601 elogia
739 1527 903 1602 primorum
934 1543 987 1582 sex

160 1628 415 1687 benedictinorum
437 1632 651 1707 episcoporum
672 1631 869 1705 Pragensium
890 1643 921 1686 et
940 1648 988 1686 ar·

163 1730 339 1810 chiepiscopi
356 1733 485 1792 Zoubek
501 1734 539 1791 de
554 1734 725 1810 Bilenberg,
742 1736 936 1792 Benedictini.

252 1855 406 1913 Enumerat
429 1875 535 1914 omnes
563 1860 818 1933 congregationes
842 1856 988 1914 Benedic-

167 1967 255 2015 tinas.

252 2063 356 2122 Omnes
383 2065 583 2122 miraculosas
607 2080 638 2123 et
660 2068 814 2141 gratiosas
842 2067 987 2141 imagines

170 2178 279 2225 sanctas
292 2170 371 2246 apud
387 2170 601 2228 BenedIctinos
618 2185 749 2228 enarrat.

251 2271 328 2330 Ordo
359 2274 573 2332 Benedictinus
603 2288 679 2350 quot
712 2273 823 2332 babeat
852 2275 987 2331 thauma·

175 2377 275 2444 turgos.

248 2477 342 2538 Habet
368 2480 540 2557 catalogum
564 2484 748 2558 scrIptorum
773 2497 803 2541 et
827 2482 985 2539 doctorum

176 2575 275 2640 ordinis
289 2604 312 2642 s.
328 2585 494 2642 Benedicti.

247 2685 405 2746 Enumerat
428 2682 644 2765 imperatores,
667 2710 770 2766 regeS,
792 2693 914 2766 reginas
937 2710 988 2748 or·

174 2773 258 2845 dinem
277 2812 300 2849 s.
319 2793 475 2850 Benedicti
496 2793 665 2870 professos,
689 2796 886 2872 principissas
906 2795 988 2853 ordi·

175 2895 231 2944 uem
246 2893 319 2954 hunc
335 2899 501 2972 ingressas.

247 2996 344 3058 Habet
379 3001 551 3077 catalogum
587 3021 771 3060 summorum
802 3003 987 3080 pontificum,

172 3101 327 3160 salletorum
358 3105 583 3181 apostolorum,
620 3120 793 3163 sanctorum
825 3121 987 3184 martyrum

172 3194 273 3263 ⁰rdinis
287 3211 393 3266 nostri.

247 3309 344 3370 Habet
369 3314 562 3370 summarium
590 3314 840 3390 indulgentiarum
867 3334 987 3373 crucum

171 3410 191 3451 ⁸·
205 3417 293 3477 patris
308 3417 474 3474 Benedicti.

247 3517 343 3577 Habet
358 3534 390 3578 et
405 3533 544 3578 recenset
556 3522 737 3590 academias,
754 3541 830 3598 quas
847 3538 989 3581 rexerunt

171 3598 352 3681 Benedicent.

249 3726 395 3785 Recenset
409 3730 510 3786 omnia
526 3732 709 3787 monasteria
725 3731 838 3789 ordinis
854 3751 879 3788 s.
893 3733 988 3788 Bene·

187 3811 245 3893 5⁰¹5.
261 3832 388 3906 quando,
405 3831 456 3890 ubi
473 3847 503 3889 et
518 3852 537 3889 a
553 3853 614 3910 quo
631 3830 773 3891 lundata?

171 3806 185 3863 d

250 3951 305 4009 Dat
319 3953 415 4011 susam
432 3956 568 4012 notitiam
586 3955 774 4013 celeberrimi
790 3959 899 4014 montis
916 3956 989 4015 Ser·

172 4044 219 4099 ¹²15
238 4054 267 4110 in
281 4056 437 4135 Hispania.

250 4177 352 4237 Narrat
378 4180 417 4237 de
444 4182 563 4256 origine
590 4181 687 4239 cultus
713 4182 837 4240 beatiss.
862 4186 997 4259 virginis·

174 4255 425 4341 Montserratensis
441 4285 471 4341 in
486 4283 661 4342 Germania.

251 4402 344 4463 Habet
358 4407 516 4464 historiam
533 4409 666 4484 separati
682 4409 862 4467 Viennensis
878 4415 988 4470 montis

178 4482 276 4564 sefrati
299 4528 318 4567 a
343 4512 492 4586 Pragensi
519 4524 550 4568 et
575 4514 729 4588 prioratus
750 4514 931 4574 Viennensis
956 4519 986 4573 in

181 4591 309 4671 ²1‘bariani
323 4615 447 4672 elevati.

251 4732 396 4794 Recenset
419 4738 521 4794 omnia
547 4755 642 4813 opera
668 4757 776 4796 novem
805 4741 945 4798 classium
968 4761 986 4799 a

186 4824 353 4899 celeberrimo
382 4859 442 4919 per
472 4839 578 4898 orbem
607 4855 680 4900 noto
710 4843 845 4903 secundo
875 4844 986 4903 abbate

1065 94 1314 152 Montserratensi
1338 94 1499 152 EmautIno
1522 95 1636 152 Ioanne
1659 96 1837 153 Caramuele
1861 95 1900 151 de

1065 198 1227 256 Lobkovic
1243 198 1332 256 edita.

1153 303 1262 360 Omnia
1286 320 1382 378 opera
1401 303 1568 361 doctissimi
1591 307 1690 381 quarti
1711 305 1899 362 Montserra-

1067 409 1162 464 tensIs
1182 407 1333 465 Emautini
1353 406 1473 465 abbatis
1494 408 1602 465 Didaci
1623 427 1641 465 a
1662 409 1817 478 Carnem,
1841 408 1899 466 sub

1068 530 1129 587 quo
1149 511 1420 589 archiepiscopalis
1436 513 1639 590 typographia
1658 528 1723 570 erat
1744 515 1773 569 in
1794 531 1899 570 mona·

1067 617 1162 673 sterio
1178 616 1352 674 Emautino·

1154 721 1319 777 Enumerat
1334 738 1429 798 opera
1440 721 1623 778 Veremundi
1639 722 1766 788 Proche‚
1782 724 1898 797 egregii

1068 827 1228 901 scriptoris
1240 825 1390 881 Emautini
1403 825 1500 881 altero
1517 827 1653 901 proxime
1669 844 1747 881 anno
1764 839 1833 882 ante
1847 845 1900 882 an·

1067 949 1137 987 num
1157 943 1238 1003 1750
1254 932 1373 987 mortui.

1154 1034 1352 1108 Consignavit
1364 1052 1469 1090 omnes
1484 1036 1598 1109 gratias
1611 1034 1759 1092 exhibitas
1771 1054 1790 1091 a
1801 1036 1900 1091 Matre

1069 1138 1168 1195 divina
1185 1141 1213 1195 in
1231 1152 1331 1195 monte
1348 1139 1485 1195 Mariano
1501 1139 1626 1195 Bezddz.

1154 1242 1256 1298 Habet
1267 1245 1366 1298 omnia
1377 1242 1477 1317 elogia
1489 1245 1620 1318 poetica,
1630 1243 1899 1317 adgratulationes‚

1067 1361 1292 1422 anagrammata
1322 1346 1484 1405 abbatibus
1511 1348 1679 1405 Emautinis
1708 1348 1800 1418 iacta;
1833 1352 1899 1425 ipse

1068 1470 1192 1527 quoque
1208 1451 1308 1526 elogia
1324 1453 1583 1527 praestantissima
1600 1451 1679 1508 iecit.

1154 1555 1256 1613 Habet
1275 1556 1431 1612 historiam
1452 1556 1495 1611 IX
1515 1556 1790 1631 pseudo-abbatum
1817 1576 1900 1615 com·

1068 1659 1322 1717 mendatoriorum
1339 1663 1368 1716 iu
1384 1663 1568 1716 monasterio
1584 1661 1745 1718 Emautino
1763 1676 1899 1738 ternpore

1067 1765 1260 1821 hussitarum.

1154 1867 1418 1926 Habethistoriam
1428 1868 1527 1925 XVIII
1536 1868 1811 1926 administratorum
1826 1888 1899 1926 con-

1067 1975 1180 2030 sistorii
1204 1974 1439 2048 utraquistarum
1465 1974 1493 2028 in
1516 1976 1701 2029 monasterio
1723 1973 1899 2031 Emautino·

1067 2076 1259 2135 Slovancnsi.

1153 2180 1256 2238 Habet
1271 2180 1368 2239 bullas
1385 2199 1577 2237 romanorum
1594 2181 1784 2257 pontificum:

1152 2304 1275 2360 Ioannis
1283 2304 1364 2362 VIII.
1373 2303 1473 2360 dantis
1485 2304 1635 2361 licentiam
1644 2305 1785 2361 Bohemis
1797 2306 1900 2380 lingua

1067 2408 1189 2467 Slavica
1197 2427 1302 2465 sacras
1311 2411 1420 2465 missas
1432 2421 1463 2465 et
1474 2408 1575 2466 officia
1584 2409 1684 2466 divina
1693 2410 1898 2485 persolvendi

1154 2531 1275 2587 Ioannis
1291 2531 1373 2587 XIII.
1390 2530 1448 2586 boc
1464 2531 1653 2607 privilegium
1670 2534 1853 2588 revocantis.

1154 2653 1318 2709 Clementis
1341 2653 1392 2710 VI.
1420 2653 1458 2709 ad
1485 2671 1594 2729 preces
1622 2655 1814 2729 imperatoris
1839 2655 1899 2711 Ca·

1067 2756 1125 2814 roli
1140 2756 1192 2815 IV.
1208 2756 1357 2814 licentiam
1375 2757 1451 2812 banc
1471 2759 1577 2813 iterum
1598 2757 1791 2832 indulgentis,
1816 2771 1848 2815 ut
1869 2761 1899 2815 in

1067 2862 1181 2919 Emaus
1205 2863 1305 2917 omnia
1325 2860 1426 2918 oisrcia
1449 2860 1549 2917 divina
1570 2862 1671 2936 lingua
1687 2860 1809 2919 Slavica
1829 2881 1899 2939 per·

1068 2966 1234 3024 solvantur.

1155 3070 1318 3126 Alexandri
1334 3070 1400 3127 VII.
1422 3070 1626 3146 dispensantis
1646 3089 1664 3126 a
1685 3085 1834 3147 perpetuo
1855 3073 1899 3127 ie·

1068 3177 1149 3232 iunio
1166 3177 1195 3231 in
1210 3175 1334 3241 Bmaus‚
1351 3188 1525 3231 remanente
1537 3177 1656 3231 nomine
1669 3177 1829 3231 strictIoris
1842 3174 1898 3232 ob-

1068 3282 1239 3337 servantiae
1255 3280 1532 3335 Montserratensis.

1154 3384 1317 3441 ClementIs
1333 3384 1370 3441 X.
1392 3401 1485 3459 super
1505 3383 1706 3457 indulgentias
1722 3385 1897 3439 monasterii

1068 3502 1098 3546 et
1114 3491 1245 3545 creantis
1261 3489 1312 3546 III.
1329 3488 1617 3544 Montserratensem
1633 3487 1822 3542 Emautinum
1842 3486 1897 3544 ab·

1067 3593 1168 3651 batem
1191 3592 1354 3649 Antonium
1377 3592 1415 3648 de
1439 3589 1528 3647 Sotto
1548 3592 1695 3647 Maiorem
1718 3593 1896 3667 episcopum

1067 3697 1287 3771 suffraganeum
1315 3697 1477 3770 Pragensis
1504 3695 1725 3770 archiepiscopi
1753 3695 1896 3752 Matthaei

1067 3800 1195 3858 Zoubelr
1210 3801 1248 3857 de
1264 3799 1426 3873 Bilenberg
1442 3817 1478 3855 ex
1495 3798 1601 3854 ordine
1617 3817 1641 3855 s.
1659 3798 1823 3855 Benedicti.

1154 3906 1320 3962 innocentii
1346 3904 1429 3959 XIII.
1457 3903 1556 3959 dantis
1582 3901 1783 3977 indulgendas
1809 3905 1896 3961 altari

1068 4010 1259 4088 privilegiato
1282 4010 1447 4064 animarum
1474 4005 1682 4063 defunctorum
1709 4009 1739 4063 in
1766 4009 1896 4065 ecclesia

1069 4114 1237 4171 Emautina.

1155 4216 1310 4274 Describit
1330 4217 1545 4272 coronationes
1568 4233 1672 4290 regum
1696 4216 1857 4273 Bohemiae
1878 4236 1896 4274 a

1067 4324 1180 4380 Ioanne
1202 4320 1464 4394 Luxemburgensi
1487 4337 1584 4395 usque
1606 4319 1645 4375 ad
1668 4319 1829 4396 Iosephum
1846 4322 1895 4390 11..

1067 4429 1152 4484 cuius
1168 4427 1326 4483 coronatio
1342 4442 1402 4480 non
1419 4423 1481 4480 luit.

1153 4528 1254 4586 Habet
1276 4528 1441 4604 diplomata
1464 4529 1678 4603 imperatorum
1698 4541 1729 4584 et
1750 4546 1853 4601 regum
1877 4548 1896 4585 a

1066 4635 1177 4693 Carolo
1193 4633 1244 4689 IV.
1260 4631 1412 4707 usquead
1428 4631 1553 4687 Mariam
1568 4630 1757 4688 Theresiam.

1151 4735 1259 4794 Adfert
1273 4734 1496 4792 adlocutionem
1508 4736 1613 4792 summi
1625 4734 1777 4810 pontificis
1789 4734 1832 4790 Pii
1842 4735 1894 4792 VI.

1066 4845 1104 4901 ad
1121 4845 1334 4917 imperatorem
1349 4838 1512 4916 Iosephum
1529 4839 1567 4896 II.

1637 4940 1653 4988 6
