4034 6262
889 477 1143 538 -ΧΧ-

149 701 367 764 incrementa
391 711 541 783 accepta
565 700 723 764 referunt
740 703 772 781 ¹).
808 700 923 782 Quam
946 701 982 763 in
1006 721 1079 763 rem
1105 720 1150 762 ex
1174 701 1293 763 multis
1317 701 1458 763 adferre
1476 702 1580 782 libet,
1606 716 1778 783 quantum
1796 703 1891 765 lurik

148 842 342 903 monachus
366 841 628 924 Raigradensis
652 839 820 903 effecerit.
864 840 928 903 Cui
960 860 1038 902 cum
1069 860 1135 921 per
1165 839 1358 902 Henricum
1389 841 1557 902 abbatem
1586 841 1891 905 Btevnoviensem

149 979 187 1042 in
211 979 438 1042 solitudinem
462 980 636 1041 decedere
661 979 795 1058 liceret,
819 997 861 1040 eo
884 980 973 1059 loce,
998 998 1067 1059 quo
1091 997 1182 1040 nunc
1204 980 1289 1039 urbs
1305 997 1460 1058 amoena,
1477 978 1713 1061 Weisskirch,
1738 980 1809 1042 sita
1826 991 1891 1059 est,

152 1123 231 1197 1167
257 1117 398 1180 circiter
421 1119 546 1180 cellam
570 1116 783 1197 aedificavit,
808 1116 917 1177 silvas
941 1116 1084 1197 excidit,
1109 1116 1291 1199 regionem
1315 1116 1351 1178 in
1375 1135 1540 1178 arvorum
1563 1117 1713 1180 formam
1738 1121 1891 1202 redegit.

145 1257 213 1320 His
236 1257 331 1319 arvis
347 1256 548 1318 Fridericus
569 1257 642 1317 dux
659 1254 905 1318 Olomucensis
926 1260 1005 1331 1169
1029 1255 1283 1317 monasterium
1298 1253 1551 1336 Raigradense
1566 1257 1724 1318 donavit.
1750 1257 1890 1319 Eodem

146 1394 264 1458 animo
288 1394 394 1456 etiam
419 1393 517 1455 multi
541 1393 600 1454 alii
624 1412 669 1454 ex
693 1392 916 1454 monasteriis
940 1392 975 1454 in
998 1393 1076 1454 loca
1101 1394 1245 1455 deserta
1269 1411 1308 1454 se
1332 1393 1556 1455 abdiderunt.
1603 1392 1779 1456 Omnibus
1804 1416 1891 1458 vero

148 1532 329 1615 praestitit
352 1531 602 1612 Bievnovium,
627 1530 727 1592 cuius
751 1531 864 1592 abbas
887 1531 934 1591 ab
957 1530 1091 1592 Ioanne
1116 1531 1199 1592 XV.
1228 1550 1365 1593 summo
1394 1530 1562 1611 pontifice
1586 1532 1751 1594 visitator
1780 1554 1890 1616 gene-

147 1673 230 1735 ralis
259 1683 295 1733 et
318 1681 512 1751 perpetuus
537 1669 849 1731 Benedictinorum
874 1669 1363 1732 Bohemico-Moraviensium
1388 1670 1598 1752 designatus
1626 1691 1706 1734 esse
1735 1692 1890 1736 comme-

146 1822 303 1873 moratur
318 1810 351 1890 ²).

277 1949 409 2010 Verum
426 1946 532 2008 etiam
549 1945 710 2008 monachi
727 1945 1014 2007 Bievuovienses
1031 1945 1123 2007 inter
1139 1964 1262 2007 omnes
1279 1945 1443 2028 diligenti
1460 1949 1711 2011 observatione
1728 1951 1889 2032 regulae,

147 2110 272 2153 severa
290 2088 489 2168 disciplina,
513 2087 638 2148 timore
654 2085 806 2166 Domini,
831 2085 960 2167 dignos
977 2104 1015 2146 se
1032 2088 1283 2166 praebuerunt,
1310 2084 1370 2166 qui
1386 2086 1452 2147 hac
1471 2086 1647 2168 dignitate
1664 2099 1888 2151 ornarentur.

144 2228 292 2291 Plurimi
316 2226 478 2308 episcopi
501 2226 705 2306 Pragenses
728 2223 862 2286 saeculi
887 2224 952 2287 XI.
977 2243 1023 2285 ex
1046 2225 1112 2286 hoc
1136 2223 1351 2286 monasterio
1383 2225 1492 2286 creati
1516 2237 1608 2305 sunt,
1641 2227 1742 2289 multi
1774 2229 1889 2290 sancti

146 2388 192 2430 ex
216 2387 258 2428 eo
281 2364 490 2448 prodierunt
503 2367 538 2445 ³).

274 2506 398 2567 Novus
423 2522 570 2584 campus
595 2502 729 2564 ordinis
752 2500 947 2563 industriae
972 2502 1115 2563 saeculo
1139 2501 1277 2563 decimo
1308 2502 1353 2562 ad
1384 2499 1490 2563 finem
1515 2512 1686 2584 vergente
1715 2503 1750 2564 in
1776 2504 1888 2565 vastis

145 2644 285 2725 imperii
301 2641 498 2724 Hungarici
522 2640 625 2703 terris
649 2648 795 2721 apertus
812 2650 876 2702 est.
908 2639 1070 2723 Hungari
1094 2641 1197 2719 enim,
1221 2660 1299 2702 cum
1324 2640 1460 2720 proelio
1485 2642 1530 2702 ad
1554 2641 1677 2704 Licum
1702 2646 1764 2719 955
1790 2643 1887 2705 facto

146 2804 253 2865 supra
278 2782 439 2845 Leitham
463 2781 585 2842 reiecti
610 2798 802 2860 eorumque
825 2779 980 2860 impetus
1012 2778 1047 2840 in
1077 2799 1226 2861 regnum
1250 2778 1487 2860 Byzantinum
1511 2783 1572 2856 968
1598 2789 1633 2841 et
1658 2799 1718 2858 972
1751 2777 1886 2862 repulsi

145 2934 283 3002 essent,
314 2923 360 2982 ab
392 2918 651 2982 incursionibus
675 2917 888 2980 destiterunt
912 2927 948 2979 et
971 2938 1050 2979 cum
1074 2916 1236 2980 finitimis
1255 2937 1381 2998 pacem
1406 2927 1442 2979 et
1465 2920 1690 2981 concordiam
1721 2919 1885 2984 inierunt.

144 3061 273 3123 Eorum
297 3078 382 3122 vero
405 3057 573 3139 princeps
597 3055 719 3138 Geysa
743 3056 891 3137 eiusque
914 3075 1005 3118 uxor
1028 3057 1160 3118 Iarolta
1191 3060 1282 3119 bene
1315 3057 1583 3138 intellexerunt,
1612 3057 1807 3140 Hungaros
1833 3061 1884 3121 sui

146 3198 231 3260 iuris
255 3217 334 3260 esse
352 3216 422 3258 non
438 3214 554 3277 posse,
579 3195 645 3256 nisi
668 3195 840 3276 religione
858 3192 1058 3257 Christiana
1086 3196 1327 3257 imbuerentur
1348 3206 1456 3276 atque
1473 3195 1693 3258 humanitate
1711 3194 1887 3259 Occiden-

147 3337 270 3398 talium
294 3335 498 3416 polirentur.
537 3333 704 3414 Apostoli
729 3333 846 3414 igitur,
872 3331 933 3413 qui
956 3333 1149 3414 praecipue
1167 3353 1211 3394 ex
1230 3332 1422 3396 Germania
1446 3336 1702 3414 adventabant,
1727 3337 1884 3417 benigne

148 3474 428 3555 excipiebantur.

276 3613 326 3676 Ut
350 3613 385 3674 in
409 3610 599 3675 Germania
624 3619 660 3673 et
684 3610 856 3673 Bohemia
879 3610 929 3672 ita
952 3609 988 3672 in
1011 3609 1198 3692 Hungaria
1222 3629 1363 3692 quoque
1387 3609 1448 3671 filii
1472 3631 1499 3673 s.
1520 3610 1708 3673 Benedicti
1731 3631 1803 3672 non
1828 3612 1886 3672 de-

144 3752 287 3814 fuerunt
310 3751 498 3833 evangelio
522 3750 773 3832 praedicando
812 3751 886 3812 Iam
910 3769 1024 3830 pers.
1050 3749 1348 3832 wolfgangum)
1382 3760 1416 3813 et
1445 3752 1553 3831 alios,
1585 3752 1644 3832 qui
1669 3771 1690 3812 a
1713 3751 1885 3833 Pilgrimo

55 3967 56 3971 Ἰ
144 3889 351 3952 Pataviensi
375 3890 409 3951 in
432 3889 654 3971 Hungariam
679 3888 775 3951 missi
800 3899 910 3968 erant,
936 3888 1034 3950 multi
1060 3886 1190 3950 Christi
1214 3889 1412 3951 doctrinam
1438 3889 1595 3970 amplexi
1620 3891 1771 3969 erant5).
1812 3888 1885 3950 Fir-

144 4028 249 4091 miter
270 4047 356 4090 vero
380 4027 575 4090 consistere
600 4037 636 4091 et
658 4029 731 4090 late
753 4026 864 4090 fluere
885 4026 1010 4109 religio
1028 4025 1227 4089 Christiana
1244 4027 1374 4107 coepit,
1391 4047 1469 4089 cum
1489 4026 1611 4109 Geysa
1627 4028 1776 4108 eiusque
1793 4027 1884 4088 filius

145 4167 296 4230 Vaikius
314 4167 542 4248 (Stephanus)
557 4189 619 4245 994
637 4187 776 4229 sacrum
791 4165 971 4246 baptisma
988 4166 1220 4246 susciperent.
1252 4167 1469 4245 Perpetuam
1486 4164 1540 4226 sui
1557 4165 1762 4227 memoriam
1781 4166 1883 4227 etiam

148 4315 457 4323 ——.-——-

275 4403 296 4481 ¹)
320 4405 459 4478 Longum
485 4416 540 4470 est,
566 4414 641 4477 quot
665 4402 777 4478 oppida
793 4421 810 4457 a
827 4401 1029 4458 Benedictinis
1053 4402 1174 4458 condita
1190 4404 1257 4467 sint,
1283 4420 1468 4458 enumerare.
1501 4400 1630 4456 Adferre
1652 4401 1741 4457 liceat
1765 4416 1882 4477 praeter

123 4591 124 4596 Ἰ
145 4516 257 4592 oppida
282 4519 309 4571 in
334 4518 459 4572 circuitu
484 4517 733 4571 monasteriorum
758 4518 825 4579 sita,
850 4513 972 4581 Schlan,
997 4513 1151 4580 l‘eschiin,
1169 4514 1296 4581 Weletz,
1314 4513 1503 4569 Weisskirch
1528 4512 1566 4588 (in
1584 4511 1744 4589 Moravia),
1763 4514 1880 4568 Hohen·

146 4627 221 4696 elbe,
247 4627 463 4702 Pirauenberg,
489 4628 641 4684 Khistcrle
665 4641 721 4684 etc.

274 4739 296 4816 2)
321 4740 407 4794 Hanc
431 4739 541 4795 bullam
565 4742 725 4813 genuinam
750 4759 817 4796 esse
842 4740 1009 4814 scriptores
1033 4755 1062 4794 et
1086 4752 1206 4795 veteres
1231 4754 1260 4793 et
1284 4754 1424 4795 recentes
1456 4757 1514 4793 non
1547 4740 1611 4792 siue
1642 4757 1736 4793 causa
1766 4750 1892 4811 negant,

149 4867 309 4927 utcumque
334 4850 581 4926 Ziegelbauerius
606 4871 716 4925 magna
739 4853 876 4908 doctrina
901 4871 967 4906 eam
993 4851 1155 4907 defendere
1180 4852 1288 4906 studet.

275 4963 297 5043 ³)
321 4965 412 5019 Frind
437 4965 454 5020 l.
480 4985 504 5020 c.
531 4966 567 5020 II.

275 5075 297 5154 4)
321 5076 353 5132 S.
372 5077 575 5150 Wolfgangus
600 5093 659 5150 972
687 5081 807 5133 circiter
831 5080 860 5131 in
884 5077 1040 5148 Hungaria
1064 5077 1246 5131 Crucifixum
1271 5077 1466 5151 praedicavit.

275 5186 297 5266 5)
322 5189 479 5261 Pilgrimus
504 5192 531 5244 iii
556 5190 663 5244 litteris
687 5189 723 5244 ad
741 5187 933 5243 Benedictum
952 5188 1015 5242 VII.
1034 5189 1064 5242 P.
1083 5188 1121 5241 lt.
1141 5187 1227 5252 ilaris,
1253 5208 1329 5262 quae
1347 5189 1384 5243 ad
1402 5202 1533 5242 nostram
1552 5205 1758 5260 pervenerunt
1775 5204 1896 5244 memo-

147 5303 231 5366 riam,
256 5304 388 5374 quinque
414 5301 492 5355 milia
517 5302 729 5375 Hungarorum
755 5319 809 5375 per
833 5299 999 5353 monachos
1024 5314 1053 5352 et
1078 5300 1253 5354 sacerdotes
1277 5301 1448 5355 saeculares
1473 5299 1663 5354 Christianae
1690 5302 1824 5375 religioni
1846 5313 1899 5351 se

146 5412 297 5468 addixisse
322 5428 432 5467 narrat.
471 5416 545 5469 Num
571 5415 626 5468 liae
652 5413 769 5468 litterae
787 5413 935 5484 genuinae
958 5414 1025 5476 sint,
1044 5430 1079 5465 ex
1099 5411 1248 5465 Diimleri:
1274 5413 1393 5484 Pilgrim
1410 5429 1468 5466 rou
1487 5411 1600 5464 Passau
1623 5416 1757 5487 perspici
1775 5418 1905 5487 potest-
