4034 6262
928 502 966 511 —
1016 464 1184 528 XXVIII
1229 503 1270 511 —

230 690 363 753 factum
388 701 452 771 est,
477 701 516 752 ut
538 691 684 753 labente
708 689 898 772 disciplina
921 689 1027 754 etiam
1051 690 1207 752 studium
1230 693 1417 754 honestum
1440 703 1476 755 et
1505 694 1639 775 agendi
1670 694 1838 757 alacritas
1869 714 1967 774 prae·

230 852 317 914 ceps
339 831 417 895 iret.

358 970 452 1032 Huic
469 968 664 1032 calamitati
680 968 834 1048 denique
849 988 871 1029 a
886 978 1067 1050 potestate
1084 968 1328 1039 ecclesiastica
1345 978 1381 1031 et
1397 969 1492 1032 civili
1508 971 1650 1032 obviam
1667 971 1765 1034 itum.
1795 971 1968 1033 Albrech·

230 1110 300 1173 tius
324 1110 367 1172 V.
392 1111 464 1172 dux
489 1107 702 1170 Austriacus
725 1107 910 1169 Nicolaum
934 1109 978 1170 de
1002 1109 1271 1190 Di‘mlrelspiihel
1301 1109 1434 1171 clarum
1463 1111 1645 1173 doctorem
1674 1111 1850 1173 rationem
1880 1111 1968 1173 ordi·

228 1252 283 1314 nis
307 1249 526 1312 instaurandi
552 1248 760 1330 excogitare
783 1247 886 1310 iussit
913 1256 949 1309 et
980 1249 1026 1310 ad
1054 1267 1133 1309 eam
1161 1250 1410 1329 exequendam
1441 1248 1537 1310 viros
1567 1248 1753 1331 religiosos
1786 1267 1834 1311 ex
1866 1248 1968 1311 Italia

229 1388 424 1454 arcessivit.
456 1387 631 1449 Martinus
646 1387 690 1448 V.
707 1387 746 1448 P.
763 1387 811 1448 M.
836 1397 872 1449 et
895 1387 1077 1449 consilium
1101 1386 1373 1450 Constantiense
1397 1398 1562 1450 auctores
1585 1387 1683 1451 fiunt.
1714 1388 1821 1470 Viris,
1839 1388 1968 1469 quibus

229 1527 440 1592 instauratio
471 1527 686 1588 demandata
718 1533 803 1604 erat,
835 1523 1003 1587 Nicolaus
1026 1522 1209 1608 Seiringer
1236 1525 1378 1588 Matzen
1409 1545 1455 1588 ex
1485 1526 1565 1588 vico
1588 1526 1759 1588 Austriae
1791 1526 1968 1589 inferioris

231 1666 400 1730 oriundus
423 1663 588 1744 praefuit,
613 1663 673 1744 qui
695 1663 732 1725 in
755 1664 970 1726 monasterio
994 1662 1204 1727 Sublacensi
1229 1664 1387 1727 eruditus
1411 1677 1497 1728 erat.
1543 1665 1644 1748 Opus
1677 1685 1780 1728 suum
1808 1671 1890 1743 1418
1921 1667 1969 1728 in-

231 1814 402 1887 ceperunt
425 1803 460 1866 in
484 1803 697 1865 monasterio
719 1802 927 1883 Mellicensi,
960 1803 1019 1865 ubi
1044 1803 1195 1865 Ioannes
1219 1803 1282 1866 III.
1306 1806 1420 1866 abbas
1445 1823 1589 1865 munere
1613 1824 1653 1866 se
1676 1805 1912 1867 abdicaverat
1935 1818 1969 1866 et

231 1944 398 2006 Nicolaus
422 1943 456 2005 in
481 1942 556 2003 eius
577 1942 691 2004 locum
706 1952 940 2004 successerat.
972 1941 1065 2003 Hinc
1082 1939 1327 2023 Gottwigium,
1344 1942 1619 2025 Altenburgum,
1637 1942 1757 2005 Cellae
1773 1943 1968 2024 Marianae,

221 2083 526 2178 ,Seitenstadium,
556 2080 783 2162 Gluniacum,
815 2079 1053 2143 Cremifanum
1084 2080 1378 2143 reformabantur.
1428 2079 1515 2142 Cum
1543 2079 1642 2144 Scoti
1669 2081 1968 2145 Vindobonenses

231 2233 374 2305 praeter
396 2221 575 2284 Hibernos
599 2230 635 2282 et
658 2219 786 2283 Scotos
810 2238 1023 2300 quemquam
1047 2219 1229 2300 susprere
1257 2229 1462 2281 constanter
1493 2229 1699 2281 recusarent
1727 2230 1763 2282 et
1791 2232 1968 2283 monaste-

230 2361 319 2423 rium
335 2360 534 2441 relinquere
551 2367 816 2441 praeoptarent,
841 2359 913 2420 dux
935 2359 1027 2420 hanc
1051 2357 1295 2421 condicionem
1318 2358 1531 2420 auctoritate
1547 2358 1745 2440 apostolica
1768 2359 1912 2441 accepit
1935 2373 1968 2421 et

230 2498 330 2563 Scoti
358 2503 437 2575 1418
463 2497 677 2559 Vindobona
701 2504 942 2558 excesserunt.
974 2494 1229 2556 Monasterium
1247 2497 1411 2556 orbatum
1428 2494 1596 2558 Germani
1611 2498 1861 2577 possederunt.
1895 2499 1967 2560 Nec

230 2637 345 2701 minus
368 2636 575 2698 Eberhardo
598 2633 661 2695 HI.
685 2632 956 2713 archiepiscopo
979 2631 1245 2716 Salisburgensi
1268 2635 1356 2696 ordo
1380 2645 1457 2697 erat
1488 2635 1595 2697 cordi.
1635 2635 1713 2716 Quo
1743 2647 1891 2699 auctore
1920 2637 1968 2699 in·

231 2777 404 2840 stauratio
429 2773 572 2851 ordinis,
597 2791 676 2834 cum
700 2771 734 2832 in
759 2770 907 2833 concilio
931 2772 1140 2853 provinciali
1168 2777 1248 2851 1418
1272 2774 1453 2835 celebrato
1476 2775 1621 2836 decreta
1644 2784 1748 2853 esset,
1778 2796 1856 2852 14²¹
1888 2778 1968 2837 sub·

230 2917 357 3000 positis
378 2914 519 2997 legibus
544 2910 824 2975 Sublacensibus
855 2920 983 2991 coepta
1013 2922 1050 2974 et
1081 2916 1157 2989 1431
1189 2932 1211 2972 a
1234 2910 1477 2974 Benedictinis
1508 2914 1554 2973 ad
1586 2931 1612 2976 S.
1636 2913 1782 2975 Petrum
1817 2926 1965 2995 accepta

231 3066 296 3119 est.
335 3054 492 3115 Eaedem
522 3052 624 3133 leges
653 3050 824 3130 paulatim
852 3049 1032 3112 monachis
1056 3050 1381 3130 Admontensibus,
1406 3049 1717 3132 SanlambertiniS,
1743 3053 1966 3115 Arnoldstei-

231 3193 409 3274 nensibus,
433 3189 718 3269 Ossiacensibus,
742 3187 1046 3269 Sanpaulensibus
1069 3190 1242 3270 probatae
1266 3198 1358 3251 sunt.

361 3331 483 3410 Atque
508 3327 616 3390 etiam
639 3327 824 3389 concilium
842 3327 1050 3391 Basileense
1074 3327 1366 3389 monasteriorum
1389 3329 1671 3410 recognitionem
1695 3332 1966 3394 commendavit.

230 3473 356 3551 Itaque
379 3487 444 3549 per
460 3466 674 3529 cardinalem
691 3464 875 3527 Nicolaum
891 3464 1080 3546 Cusanum,
1104 3464 1311 3546 episcopum
1336 3464 1584 3528 Brixinensem
1612 3471 1688 3544 1451
1716 3487 1810 3530 nova
1834 3468 1968 3531 ordinis

232 3608 441 3672 instauratio
464 3606 628 3669 instituta
651 3614 716 3667 est.
755 3604 950 3685 Postquam
974 3604 1010 3666 in
1034 3604 1182 3666 concilio
1206 3602 1472 3686 Salisburgensi
1495 3624 1610 3666 novae
1633 3606 1734 3687 leges
1758 3607 1968 3687 propositae

233 3759 324 3827 sunt,
348 3748 392 3808 ad
418 3764 480 3807 eas
502 3743 722 3806 inducendas
746 3743 781 3805 in
804 3742 997 3824 Austriam,
1030 3741 1184 3823 Stiriam,
1217 3741 1443 3824 Carinthiam,
1473 3743 1663 3806 Bavariam
1694 3747 1847 3807 abbates
1876 3746 1970 3808 Mar·

231 3888 326 3950 tinus
350 3882 535 3967 Scotensis
558 3892 594 3945 et
617 3883 830 3945 Laurentius
852 3882 990 3945 Mariae
1014 3881 1186 3944 Cellensis
1210 3891 1247 3944 et
1270 3880 1477 3963 Stephanus
1504 3882 1600 3963 prior
1622 3882 1840 3946 Mellicensis
1872 3885 1969 3947 missi

233 4037 325 4105 sunt,
348 4022 494 4087 Tirolim
509 4021 676 4085 Nicolaus
696 4021 775 4103 ipse
792 4022 860 4084 sibi
875 4021 1083 4085 reservavit.
1115 4021 1245 4083 Eorum
1262 4040 1347 4083 vero
1371 4021 1499 4083 nImiae
1520 4022 1703 4085 severitati
1719 4043 1789 4086 non
1806 4026 1971 4088 monachi

234 4164 387 4245 quidem,
412 4161 574 4242 episcopi
595 4170 714 4224 tamen
737 4160 920 4224 Friderico
944 4159 1192 4241 metropolitae
1217 4160 1483 4242 salisburgensi
1512 4161 1644 4223 subditi
1673 4162 1893 4227 restiterunt.
1932 4165 1972 4227 In

233 4301 342 4363 Tiroli
372 4311 491 4363 autem
526 4319 652 4363 severa
681 4299 834 4363 instituti
865 4298 984 4380 operis
1016 4297 1200 4360 exsecutio
1232 4297 1483 4381 Sonnenburgi
1514 4299 1667 4361 maxime
1700 4299 1736 4361 in
1766 4302 1973 4364 monialium

234 4439 406 4502 coenobio
430 4439 755 4503 molestissimarum
785 4437 1038 4519 indignitatum
1069 4456 1192 4498 ansam
1222 4437 1339 4518 (ledit,
1372 4439 1499 4519 quibus
1532 4437 1690 4500 diutinae
1722 4439 1973 4502 contentiones

237 4578 327 4640 inter
350 4577 547 4659 principem
573 4588 608 4640 et
632 4577 845 4640 cardinalem
871 4575 986 4655 ipsum
1011 4574 1261 4638 excitabantur
1277 4580 1309 4658 ¹).

363 4717 430 4778 His
454 4716 769 4779 instaurationibus
792 4715 894 4777 brevi
917 4724 1079 4795 tempore
1103 4716 1208 4777 toties
1236 4716 1398 4796 repetitis
1427 4716 1540 4778 ordini
1569 4715 1739 4795 pristinus
1763 4715 1869 4797 vigor
1896 4719 1976 4779 red·

236 4855 330 4916 ditus
355 4867 418 4935 est,
444 4874 522 4916 cum
548 4855 756 4935 praesertim
786 4874 950 4915 manuum
980 4873 1110 4934 operae
1144 4853 1311 4935 antiquus
1342 4856 1453 4916 honor
1482 4854 1666 4916 restitutus
1698 4866 1804 4916 esset.
1852 4855 1977 4916 Domi-

236 4993 352 5054 cilium
384 5015 467 5055 vero
499 5015 541 5056 ac
574 4995 678 5054 sedes
710 4993 841 5055 ordinis
869 4992 1063 5055 Mellicium
1095 5006 1187 5075 erat,
1220 4994 1319 5055 cuius
1352 4994 1452 5075 leges
1477 4992 1715 5055 Sublacenses
1740 4994 1785 5053 ad
1810 5003 1977 5073 tempora

236 5141 272 5192 et
302 5132 380 5193 loca
415 5132 686 5194 adcommodata
717 5152 737 5192 a
768 5151 898 5212 magna
932 5133 1225 5194 monasteriorum
1261 5151 1390 5193 corona
1422 5130 1705 5211 accipiebantur,
1746 5151 1838 5211 quae
1877 5134 1976 5195 haud

235 5305 545 5314 ———.

367 5408 387 5487 ¹)
412 5412 505 5467 Vide:
529 5413 649 5485 Jaeger‚
674 5411 735 5464 Der
758 5410 898 5466 Cardinal
922 5409 1063 5465 Nicolaus
1087 5431 1147 5468 von
1171 5416 1260 5480 Cusa‚
1286 5413 1308 5467 Ι.
1340 5411 1454 5483 Egger,
1479 5407 1662 5463 Geschichte
1687 5427 1745 5463 von
1769 5409 1866 5463 Tirol.
