4034 6262
741 554 788 562 ..
850 511 918 595 187

122 732 167 788 'll.
191 729 297 786 Modus
321 725 477 802 repetendi
498 725 682 780 humaniora.
707 720 841 776 Manusc.
881 716 885 807 l

122 850 184 894 etur
204 838 232 891 in
252 832 394 891 Stanislai
412 829 555 887 Wiilberz
571 827 774 884 analectorum
798 837 843 880 to-

136 954 192 1012 ²23
212 959 240 1015 p.

123 1063 181 1120 111.
191 1063 382 1137 Conspectus
392 1058 548 1114 monastici
559 1055 697 1111 Blasiani.
708 1053 842 1108 Manusc.

123 1182 184 1225 etur
200 1169 229 1224 in
245 1164 388 1223 Stanislai
407 1160 549 1219 Wdlberz
571 1159 774 1217 analectorum
797 1170 843 1212 to·

135 1286 194 1346 ²55
214 1290 243 1348 1)·

123 1396 151 1451 ti.
169 1395 368 1451 Monasticum
385 1389 642 1447 San-Blasianum.
664 1385 798 1440 Manusc.
816 1384 845 1438 in

123 1501 247 1557 :ontinet
259 1497 332 1554 lolia
345 1509 418 1569 325,
435 1508 465 1550 et
482 1493 660 1549 adservatur
676 1491 704 1547 in
720 1489 844 1544 archivo

123 1604 227 1662 aulano
244 1605 299 1659 Νο.
322 1600 390 1674 106.

123 1731 137 1786 ζ.
155 1727 202 1784 ad
220 1726 377 1782 historiam
395 1721 567 1778 monasterii
589 1739 613 1776 s.
631 1718 731 1774 Blasii.
755 1716 845 1771 Mser.

123 1853 143 1900 1,
166 1832 300 1888 continet
317 1831 345 1884 in
364 1843 380 1884 2
398 1824 599 1883 voluminibus
617 1821 679 1879 260
695 1821 776 1888 lolia,
794 1820 847 1876 ad·

123 1956 155 1994 ur
171 1939 200 1993 in
216 1935 342 1991 archivo
358 1931 569 1988 San-Paulano
587 1930 642 1985 Nn.
666 1942 733 2000 195.

123 2059 154 2115 21.
179 2056 352 2133 Diplomata
370 2053 544 2110 monasterii
568 2071 592 2107 s.
610 2050 698 2105 Blasii
721 2066 848 2104 concer-

146 2157 368 2236 1093—1286.
394 2159 528 2214 Manusc.
554 2158 581 2211 in
606 2154 689 2220 lolio,
715 2153 848 2209 continet

123 2268 190 2335 ulia,
219 2265 397 2321 adservatur
421 2264 449 2317 in
476 2261 600 2317 archivo
624 2256 848 2314 San-Paulano

124 2388 141 2428 l.

124 2494 171 2550 [ll.
188 2493 364 2568 Copiarium
381 2490 628 2545 documentorum
646 2483 849 2556 635—1771.

124 2619 153 2656 c.
172 2601 200 2655 in
218 2597 301 2663 lolio,
319 2595 453 2652 continet
474 2594 502 2649 in
524 2590 650 2665 singulis
671 2603 705 2645 12
724 2588 851 2644 volumi·

128 2717 190 2776 250
207 2701 289 2765 lolia,
306 2699 485 2755 adservatur
501 2699 528 2752 in
545 2694 669 2750 archivo
686 2690 851 2749 San-Pau·

124 2809 164 2864 io.
181 2805 233 2864 61.

124 2931 190 2987 llll.
215 2930 350 2985 Diarium
373 2924 549 2999 1728—30.
572 2924 706 2978 hlauusc.
723 2923 753 2978 in
770 2921 851 2978 solio.

124 3052 200 3091 tmen
217 3034 353 3089 continet
373 3029 445 3086 lolia
460 3027 533 3102 358,
559 3028 597 3083 ll.
619 3026 758 3082 volumen
781 3043 853 3081 con·

124 3138 175 3195 ulia
185 3152 261 3210 2053
275 3136 455 3192 adservatur
468 3136 496 3190 in
509 3132 632 3188 archivo
642 3129 853 3187 San-Paulano

124 3240 168 3300 56.

124 3389 221 3463 [1012
253 3400 504 3462 Lambertus
535 3393 710 3457 Carolus
742 3391 855 3473 (Sco-

126 3518 187 3599 is),
216 3518 378 3579 Viennae
405 3516 440 3578 iu
465 3512 613 3576 Austria
640 3511 696 3574 die
723 3533 754 3588 4.
778 3509 853 3572 Iun.

124 3650 236 3721 natus,
253 3659 333 3702 cum
346 3635 523 3720 gymnasii
536 3634 654 3698 studia
666 3634 712 3695 ad
725 3630 854 3696 Scotos

126 3763 261 3825 obonae
291 3758 522 3837 absolvisset,
554 3756 685 3818 ibidem
716 3753 774 3817 die
806 3774 853 3830 14.

1010 716 1168 772 Herzliche
1195 715 1303 771 Worte
1335 712 1526 788 gesprochen
1558 708 1637 766 beim
1666 707 1755 763 10101-

923 823 1020 878 lichen
1045 819 1253 895 Ehejubildum
1282 819 1336 875 des
1361 818 1398 873 Η.
1422 814 1520 892 Jalcob
1548 817 1600 870 mit
1626 813 1680 868 der
1703 812 1754 866 Fr.

924 927 1074 983 'l‘heresia
1099 925 1277 981 Ramharter
1301 941 1348 978 am
1374 920 1424 978 26.
1441 922 1517 976 Nov.
1544 917 1623 992 1872
1650 920 1677 974 in
1701 916 1755 972 der

925 1031 1036 1088 Kirche
1052 1049 1117 1086 zum
1135 1029 1203 1085 heil.
1220 1029 1305 1084 Blute
1323 1030 1350 1083 in
1369 1025 1492 1081 Pulkau.
1513 1025 1658 1086 Viennae,
1675 1022 1756 1096 typis

925 1136 1046 1193 Eurich.

1010 1298 1167 1372 Hieber
1202 1309 1530 1372 carolomannus
1567 1309 1756 1391 (Admon-

925 1428 1083 1509 tensis),
1113 1426 1254 1491 Graecii
1282 1427 1317 1489 in
1345 1426 1453 1489 Stiria
1485 1448 1531 1490 10.
1559 1427 1647 1506 Apr.
1677 1432 1754 1489 1812

925 1551 1133 1634 parentibus
1155 1550 1345 1632 oppidanis
1367 1561 1481 1631 natus,
1506 1551 1633 1614 studiis
1656 1570 1758 1633 gym-

926 1673 1016 1738 nasii
1031 1683 1068 1736 et
1079 1673 1323 1737 humaniorum
1335 1694 1471 1736 summo
1487 1695 1566 1737 cum
1582 1676 1758 1757 applausu

927 1796 1758 1879 frequentatisAdmontensepetiitcoenobium,

928 1920 986 1984 ubi
1004 1942 1054 1998 29.
1071 1919 1146 1982 Iun.
1168 1922 1245 1981 1833
1268 1928 1353 1982 vota
1374 1920 1557 1983 sollemnia
1577 1940 1760 2001 nuncupa·

928 2043 980 2106 vit
1003 2052 1039 2105 et
1068 2064 1114 2120 14.
1136 2042 1222 2104 Dec.
1252 2045 1332 2120 1834
1356 2041 1529 2123 primitias
1554 2043 1759 2106 celebravit.

928 2165 1047 2229 Primo
1067 2165 1177 2228 divini
1193 2165 1294 2227 verbi
1311 2184 1441 2247 praeco
1459 2165 1674 2228 constitutus
1690 2166 1760 2227 iam

929 2308 1021 2351 anno
1038 2287 1201 2369 sequenti
1217 2286 1252 2349 in
1268 2287 1493 2370 gymnasium
1511 2288 1761 2350 Benedictino-

930 2431 1005 2474 rum
1032 2411 1236 2492 Augustam
1263 2409 1529 2472 Vindelicorum
1556 2409 1683 2471 missus
1710 2409 1761 2472 ibi

931 2554 996 2616 per
1008 2541 1176 2615 quattuor
1188 2550 1300 2594 annos
1313 2549 1533 2594 commorans
1546 2529 1672 2593 officiis
1689 2533 1762 2594 suis

931 2655 1156 2719 laudabiliter
1170 2653 1313 2718 iunctus
1330 2664 1394 2736 est,
1419 2656 1531 2718 donec
1552 2655 1587 2717 in
1609 2655 1762 2736 patriam

932 2787 1130 2858 revocatus,
1148 2777 1182 2839 in
1198 2777 1386 2860 gymnasio
1403 2777 1684 2860 Iudenburgensi
1701 2799 1764 2842 an·

933 2922 978 2964 no
999 2905 1073 2978 1841
1095 2899 1297 2963 ascenderit
1313 2901 1529 2964 cathedram.
1554 2901 1660 2964 Anno
1681 2906 1763 2980 ¹849

933 3022 1122 3086 Graecium
1136 3023 1339 3104 translatus,
1352 3022 1421 3084 iam
1434 3042 1527 3086 anuo
1545 3028 1624 3102 1854
1638 3045 1765 3088 munus

934 3146 1057 3209 obibat
1066 3145 1251 3208 directoris
1263 3145 1441 3228 gymnasii
1454 3166 1566 3228 usque
1576 3148 1622 3210 ad
1634 3168 1765 3210 annum

938 3273 1033 3341 18b1;
1049 3288 1130 3331 uam
1146 3265 1275 3330 fratres
1291 3268 1556 3331 Admontenses
1578 3270 1765 3352 elegerunt

934 3391 1226 3454 Carolomannum
1261 3390 1296 3452 in
1332 3390 1655 3454 administratorem
1687 3413 1768 3455 coe-

934 3512 1030 3576 nobii
1058 3533 1136 3575 cum
1163 3510 1334 3575 facultate
1362 3513 1504 3575 abbatis
1532 3523 1568 3576 et
1596 3514 1766 3577 defuncto

919 3635 1016 3718 'piae
1030 3634 1221 3697 memoriae
1235 3637 1367 3697 abbate
1377 3635 1548 3698 Bennone
1563 3640 1641 3698 1863
1657 3636 1690 3697 111
1705 3638 1768 3697 ab·

934 3763 1064 3823 batem.
1077 3757 1285 3841 Symbolum
1298 3757 1509 3820 neoabbatis
1522 3768 1613 3821 erat:
1628 3758 1683 3840 ,in
1696 3757 1767 3820 fide

125 3931 130 3944 .
150 3887 227 3946 1863
246 3902 273 3944 s.
286 3880 411 3943 habitu
427 3879 581 3958 indutus,
598 3887 683 3939 vota
695 3874 855 3938 sollemni
893 3896 896 3987 7
935 3880 1115 3944 victoria“.
1126 3880 1330 3943 Incendium
1341 3879 1426 3942 illud
1436 3879 1603 3942 horribile
1614 3900 1664 3959 ²7·
1676 3881 1766 3961 Apr.

125 4003 327 4086 nuncupavit
343 4002 399 4065 die
414 4023 464 4080 29·
478 4000 577 4082 Sept.
596 4006 685 4078 1867.
703 3997 856 4061 Emenso

125 4128 159 4191 10
173 4147 200 4190 s.
217 4124 421 4208 theologiae
440 4125 476 4187 in
497 4124 591 4187 univ.
608 4123 763 4185 Vindob.
780 4140 857 4183 eur·

128 4249 156 4313 ie
172 4255 222 4314 15.
235 4250 299 4312 Iul.
317 4252 397 4311 1868
411 4245 611 4310 sacerdotio
626 4245 859 4326 inauguratus

125 4391 146 4434 vs
173 4373 300 4436 diebus
331 4381 413 4452 post
444 4368 592 4451 primam
620 4368 698 4429 Deo
725 4363 860 4447 optimo

125 4493 159 4557 lit
190 4494 344 4558 hostiam
376 4491 594 4554 incruentam
627 4488 684 4550 die
717 4490 767 4549 28.
797 4486 860 4548 Iul.

125 4615 163 4679 im
183 4617 312 4680 deinde
334 4633 440 4678 curae
466 4612 660 4675 animarum
686 4610 861 4701 admotus,

131 4738 350 4802 auxiliarium
372 4735 508 4818 egisset
531 4732 682 4796 diversis
706 4731 740 4794 iu
764 4729 861 4809 locis,

134 4869 340 4942 cooperator
352 4856 481 4921 missus
493 4865 548 4918 est
557 4855 697 4917 Pulkau
709 4861 862 4933 octoque

125 4993 237 5065 spost
252 4977 541 5058 Stammersdorf,
565 4977 659 5040 unde
682 4974 718 5035 in
741 4973 864 5035 urbem

128 5124 148 5165 x
162 5101 405 5186 cooperatoris
417 5101 452 5163 iu
466 5098 636 5162 suburbio
652 5096 747 5159 dicto
764 5092 865 5157 Cam-

125 5236 283 5291 cotorum
299 5234 422 5307 partes
444 5220 603 5301 suscepit
626 5218 684 5281 die
705 5238 751 5279 12.
769 5216 865 5297 Aug.

126 5336 866 5431 ,quibushucusquelaudabiliterfungitur.

126 5488 230 5575 Typis
247 5487 361 5552 edidit
378 5483 583 5547 concionem
600 5479 809 5560 nuptialem:

941 4010 1018 4067 1865
1046 4013 1209 4067 exortum
1234 4004 1399 4065 damnum
1420 4001 1506 4065 fecit
1526 4002 1698 4065 coenobio
1720 4003 1769 4065 in·

938 4127 1107 4207 credibile
1128 4137 1164 4189 et
1180 4126 1367 4188 sanitatem
1385 4125 1503 4187 dilecti
1525 4125 1640 4206 patris
1661 4127 1770 4188 deva-

939 4249 1058 4314 stavit.
1074 4249 1210 4311 Vitium
1226 4245 1431 4330 organicum
1445 4247 1562 4308 cordis
1576 4248 1771 4310 accedente

939 4375 1101 4456 hydrope
1130 4369 1376 4434 Carolomanui
1411 4369 1508 4432 vitae
1536 4370 1635 4432 dedit
1664 4368 1770 4431 finem

945 4502 991 4559 13.
1011 4495 1101 4557 Nov.
1123 4498 1213 4556 1868.
1237 4492 1424 4572 Templum
1441 4512 1467 4554 s.
1481 4490 1592 4554 Blasii
1609 4511 1653 4554 ex
1671 4491 1772 4553 ruina

941 4618 1095 4701 gloriose
1123 4624 1286 4677 evectum
1313 4613 1608 4676 Carolomannum
1641 4615 1773 4677 salutat

942 4749 1132 4803 auctorem.
1158 4738 1447 4817 CarolomanuuS,
1473 4737 1598 4799 doctor
1623 4756 1650 4800 s.
1674 4738 1773 4799 theo-

942 4862 1071 4945 logiae,
1095 4880 1205 4942 eques
1226 4858 1358 4922 ordinis
1382 4868 1491 4922 austr.
1512 4858 1541 4921 F
1544 4858 1694 4935 rancisci
1719 4859 1774 4920 Io·

944 4983 1056 5065 sephi,
1083 5002 1155 5044 rev.
1183 4980 1293 5062 princ.
1317 4979 1472 5062 archiep.
1496 4977 1715 5042 Goriciensis
1739 4990 1775 5042 et

945 5107 1056 5188 princ.
1074 5104 1182 5187 episc.
1200 5102 1449 5168 Seccoviensis
1470 5101 1702 5181 consiliarius,
1724 5102 1775 5163 in-

946 5228 1078 5311 digena
1093 5227 1195 5310 regni
1208 5226 1395 5304 Bavariae,
1412 5225 1458 5286 ad
1470 5222 1612 5286 comitia
1625 5224 1776 5286 ducatus

947 5350 1076 5415 Stiriae
1086 5351 1289 5431 deputatus,
1298 5347 1460 5429 pluribus
1472 5345 1703 5409 societatibus
1715 5356 1777 5409 aut

948 5474 993 5535 ad
1010 5472 1195 5535 scientiam
1212 5472 1335 5534 autad
1352 5471 1483 5533 bouum
1499 5469 1680 5550 publicum
1697 5488 1777 5550 pro·

1518 5574 1569 5633 24*
