4034 6262
968 529 1017 536 --
1078 505 1145 555 122
1203 526 1251 535 *-

239 695 390 757 effusum
406 695 540 776 luxum,
563 714 667 775 quem
688 714 778 776 gens
794 695 927 758 rustica
944 703 979 756 et
995 691 1071 774 opi·
1109 689 1112 765 i
1151 689 1317 751 Pluribus
1335 689 1461 752 diebus
1477 689 1614 752 feriatis
1631 689 1912 772 pontificissupre

240 817 345 880 ficum
353 837 444 899 grex
454 837 569 899 aeque
578 838 620 880 ac
630 818 767 880 nobiles
780 815 1071 880 ethuiussaeculi
1108 800 1110 887 l
1151 811 1362 874 auctoritate
1393 811 1427 874 in
1459 814 1682 874 commodum
1707 812 1903 875 rusticorum

239 941 369 1004 divites
395 941 431 1002 in
456 940 618 1003 vestibus
645 940 806 1003 fecerunt
832 960 962 1023 magno
990 959 1069 1002 cum
1108 896 1111 1023 1
1150 933 1316 1016 opificum
1332 953 1374 996 eo
1391 935 1614 1016 potissimum
1633 934 1704 997 fine
1726 936 1908 1017 abrogatis,

240 1063 369 1125 damno
384 1061 606 1145 familiarum,
623 1062 779 1125 cohiberi
792 1062 904 1125 voluit
918 1061 1069 1144 legibus,
1108 1028 1111 1179 ἶ
1150 1057 1321 1137 deinceps
1337 1056 1463 1118 diebus
1479 1056 1666 1119 dominicis
1682 1066 1719 1119 et
1731 1057 1775 1119 de
1787 1075 1912 1139 praece]

240 1185 369 1266 quibus
386 1185 504 1265 quoad
526 1184 710 1247 materiam
726 1193 762 1247 et
777 1183 925 1249 formam
943 1185 1070 1246 decen·
1108 1196 1110 1263 f
1149 1178 1289 1241 festivis
1310 1179 1464 1261 populus
1485 1179 1697 1241 christianus
1714 1198 1757 1241 eo
1773 1177 1912 1241 sanctius

240 1318 312 1370 tem
321 1307 492 1369 vestitum
501 1307 684 1387 utriusque
693 1305 1069 1368 sexusdeterminavit.
1108 1358 1111 1421 ,
1150 1301 1401 1364 devotiusDeo
1411 1301 1570 1381 serviret,
1579 1300 1734 1363 subditis
1748 1319 1867 1363 severe
1876 1321 1912 1382 pr

240 1429 409 1491 Necnon
434 1428 597 1491 convivia
622 1427 725 1490 nimis
748 1429 845 1490 lauta
868 1427 905 1490 in
927 1426 1070 1508 nuptiis,
1108 1424 1111 1519 ξ
1151 1424 1261 1506 cepit,
1288 1434 1328 1487 ut
1354 1424 1408 1486 his
1436 1424 1561 1486 diebus
1589 1422 1766 1505 concioni,
1793 1425 1912 1486 catech

241 1550 430 1632 puerperio
451 1560 487 1612 et
507 1549 693 1613 infantium
710 1549 888 1631 baptismo
905 1549 1070 1630 apparari
1109 1532 1111 1559 ¹
1151 1547 1396 1610 sanctissimae
1418 1547 1547 1610 missae
1568 1546 1744 1610 sacrificio
1765 1557 1801 1609 et
1820 1566 1912 1627 vesp<

240 1673 346 1736 solita
366 1673 533 1754 restringi
553 1672 793 1754 praescripsit.
817 1671 981 1752 Denique
1002 1691 1071 1733 non
1110 1732 1112 1761 ἱ
1152 1674 1282 1733 devote
1298 1671 1524 1751 adsisterent,
1546 1672 1593 1732 ab
1614 1669 1709 1732 omni
1728 1690 1837 1750 opere
1851 1690 1912 1732 ser

242 1804 361 1876 potest
378 1794 517 1857 silentio
533 1793 717 1875 praeteriri
735 1793 905 1875 principis
926 1793 1072 1855 circum·
1110 1784 1112 1801 '
1152 1792 1376 1873 commercio,
1399 1792 1552 1873 publicis
1573 1792 1712 1854 choreis
1734 1792 1912 1874 diligenter

240 1915 442 1998 spicientia,
471 1935 576 1996 quam
603 1915 754 1978 subditis
782 1915 944 1977 adhibuit
971 1915 1072 1977 annis
1110 1911 1113 2003 1
1153 1925 1319 1978 accurate
1343 1935 1382 1977 se
1400 1914 1632 1977 continerent.
1661 1914 1786 1976 Voluit
1802 1914 1908 1996 simul,

1111 2006 1113 2069 l

247 2057 323 2116 1771
345 2048 380 2101 et
402 2057 492 2118 1772,
514 2037 573 2118 qui
594 2037 630 2099 in
646 2057 782 2099 summa
803 2057 964 2099 annonae
985 2037 1072 2099 cari-
1111 2092 1112 2101 ,
1153 2057 1214 2100 eos
1231 2036 1401 2099 conviciis
1417 2037 1641 2117 impeterent,
1664 2036 1724 2117 qui
1744 2035 1780 2099 in
1802 2037 1912 2118 abrogr

242 2169 317 2223 tate
334 2168 445 2239 erant,
471 2168 509 2221 ut
530 2157 652 2241 fruges
676 2158 721 2220 ad
745 2179 874 2240 panem
898 2158 1072 2241 quotidia-
1110 2119 1112 2195 l
1151 2160 1249 2223 feriis
1263 2159 1357 2221 domi
1370 2168 1431 2221 aut
1444 2158 1514 2221 ruri
1528 2178 1618 2240 opus
1629 2158 1801 2239 facerent,
1818 2178 1911 2222 cume

241 2302 323 2345 num
354 2290 391 2343 et
422 2283 660 2343 conserendos
691 2300 798 2362 agros
825 2281 887 2342 vix
917 2281 1072 2344 maximo
1152 2292 1225 2344 tum
1252 2281 1313 2362 sit,
1337 2301 1508 2344 concesso
1534 2283 1685 2343 honesto
1713 2282 1833 2343 labore
1854 2281 1912 2342 mel

241 2404 356 2486 pretio
376 2404 500 2465 haberi
516 2414 675 2485 possent,
697 2404 868 2484 multique
886 2403 920 2465 in
938 2404 1072 2466 exteris
1151 2405 1230 2467 Deo
1245 2403 1379 2484 serviri,
1397 2424 1502 2484 quam
1518 2423 1630 2485 pravo
1646 2414 1709 2466 aut
1725 2403 1846 2465 saltem
1860 2401 1912 2464 inut

240 2526 344 2590 terris
367 2525 442 2588 lere
465 2525 559 2587 fame
582 2525 753 2607 perirent,
781 2537 844 2588 aut
870 2527 916 2588 ad
943 2546 1071 2608 panem
1111 2572 1113 2599 ,
1152 2526 1235 2589 otio,
1260 2524 1491 2589 Subditorum
1511 2524 1756 2606 spiritualibus
1778 2523 1912 2605 indigent

241 2650 520 2730 comparandum
543 2657 751 2730 extremum,
775 2658 813 2711 ut
837 2650 950 2730 aiunt,
975 2670 1072 2712 num·
1111 2636 1113 2641 ’
1153 2649 1392 2710 celebratione
1410 2667 1590 2709 sacrorum
1608 2656 1645 2709 et
1662 2647 1821 2709 doctrina
1838 2644 1909 2725 relig

241 2791 335 2833 mum
352 2771 557 2852 expendere
574 2770 688 2832 coacti
705 2781 834 2834 essent.
859 2770 962 2834 Cavit
978 2771 1072 2834 solli·
1110 2826 1113 2857 Ι
1152 2770 1206 2832 nis
1238 2771 1476 2850 consulturus,
1510 2770 1544 2831 in
1573 2769 1777 2850 Eschbach,
1805 2766 1912 2829 Brenu

243 2893 335 2955 citus
351 2892 520 2972 princeps
541 2893 607 2953 sub
629 2892 842 2974 gravissima
862 2895 1004 2976 mulcta,
1028 2914 1072 2956 ne
1110 2954 1113 2999 Ι
1152 2893 1474 2955 Hbchenschwand
1506 2904 1542 2955 et
1568 2893 1680 2955 Ibach
1710 2901 1864 2972 pastores
1886 2907 1912 2969 pr

241 3013 365 3096 fruges
381 3013 416 3075 in
432 3015 508 3075 solo
521 3013 689 3075 Blasiano
705 3024 810 3076 natae
827 3017 1070 3097 eveherentur,
1111 3018 1113 3061 l
1151 3015 1259 3098 prioS,
1272 3017 1446 3099 parochos
1460 3016 1592 3097 quippe
1609 3013 1772 3094 instituit,
1788 3013 1844 3094 qui
1857 3009 1912 3072 ini]

243 3146 304 3199 aut
317 3135 617 3216 iisvenderentur,
633 3135 692 3216 qui
707 3145 844 3199 tantum
855 3137 970 3218 turpis
984 3137 1071 3200 lucri
1111 3162 1113 3175 ,
1152 3141 1257 3222 pagis
1287 3139 1508 3219 residebant,
1543 3159 1650 3201 curae
1685 3138 1869 3200 animarum
1896 3152 1912 3194 s

244 3257 361 3341 gratia
371 3267 502 3338 emunt,
515 3267 554 3320 ut
567 3277 673 3338 quam
687 3258 837 3340 plurimo
849 3259 976 3322 iterum
988 3281 1073 3323 ven·
1111 3238 1113 3277 ²
1154 3261 1420 3324 commissarum
1440 3269 1627 3332 vacantes;
1651 3260 1686 3322 in
1708 3259 1912 3339 Albbruggr

244 3383 331 3444 dant
362 3381 508 3461 insuper
536 3380 660 3442 habita
686 3381 830 3462 publica
860 3382 1072 3446 calamitate.
1111 3368 1114 3449 i
1153 3396 1225 3447 tem
1242 3385 1410 3447 sacellum
1427 3384 1583 3466 amplum
1605 3392 1641 3444 et
1663 3383 1827 3445 decorum
1841 3386 1912 3441 exst

243 3503 322 3584 Quo
343 3503 476 3566 factum
499 3513 564 3583 est,
589 3513 629 3564 ut
649 3503 782 3566 subditi
803 3503 925 3586 fruges
949 3504 1074 3567 minori
1112 3454 1115 3595 1
1154 3506 1207 3569 xit
1223 3506 1259 3568 in
1275 3507 1429 3589 gratiam
1445 3504 1611 3587 opificum
1624 3503 1789 3566 officinae
1802 3499 1912 3565 ferrari¹

243 3627 359 3709 pretio
375 3627 509 3688 habere
525 3638 683 3707 possent,
707 3635 743 3688 et
763 3627 982 3707 pauperibus
1003 3637 1075 3690 tur·
1112 3634 1114 3639 '
1154 3638 1190 3690 et
1213 3629 1249 3690 in
1272 3627 1436 3710 proxima
1463 3627 1632 3709 parochia
1656 3624 1909 3708 Tongerensip

243 3750 364 3812 matim
388 3747 647 3812 confluentibus
671 3750 897 3832 eleemosyna
920 3770 990 3812 non
1014 3752 1074 3813 de-

244 3882 351 3936 esset.
385 3872 453 3933 His
479 3871 630 3953 aliisque
658 3871 859 3954 beneficiis,
891 3873 997 3935 etiam
1029 3893 1073 3934 ex

244 3994 425 4057 aerarios.
443 3994 554 4056 Blasii
574 3995 674 4076 large
696 3994 731 4056 in
747 3995 910 4058 subditos
926 3995 1075 4058 delectis

245 4126 281 4179 et
304 4116 436 4179 domini
460 4136 523 4178 seu
544 4116 702 4199 regentis
726 4116 881 4179 officium
905 4117 1074 4199 implevit,
1140 4155 1143 4161 ,

245 4248 281 4300 et
301 4238 413 4320 patris
434 4218 601 4301 affectum
623 4240 765 4301 abunde
786 4240 1076 4303 commonstravit

246 4361 400 4440 optimus
416 4361 593 4443 princeps

333 4481 483 4564 Semper
514 4502 646 4545 memor
677 4482 874 4545 officiorum
905 4483 1076 4566 principis

247 4621 309 4663 seu
322 4603 490 4684 regentiS,
503 4604 609 4666 etiam
622 4604 763 4686 legibus
776 4605 936 4685 intendit,
946 4615 985 4668 ut
995 4608 1076 4668 sub-

248 4723 313 4784 diti
328 4724 483 4804 supremi
504 4724 636 4787 domini
656 4727 757 4807 leges
776 4729 1018 4808 observarent,
1041 4737 1076 4789 et
1114 4718 1116 4733 l

248 4845 358 4906 vitam
375 4847 547 4926 degerent
564 4847 755 4910 christiano
769 4850 908 4911 nomine
922 4850 1076 4932 dignam.

249 4965 337 5026 Cum
363 4978 581 5047 compertum
605 4970 765 5051 haberet,
790 4971 876 5033 vitia
902 4972 1018 5034 carnis
1042 4983 1077 5035 et

250 5088 440 5165 pessimam
464 5090 601 5152 iurandi
624 5101 659 5153 et
683 5093 866 5173 peierandi
890 5103 1077 5156 consuetu-

1155 3750 1270 3831 prium
1294 3749 1462 3811 vicarium
1486 3748 1623 3810 institui
1646 3748 1748 3829 iecit,
1773 3747 1830 3828 qui
1851 3746 1880 3806 in
1899 3742 1912 3803 i:

1155 3873 1286 3934 sacello
1303 3892 1406 3934 sacra
1421 3871 1567 3953 faceret,
1584 3881 1621 3934 et
1637 3890 1761 3933 omnes
1781 3879 1891 3952 partes
1907 3886 1912 3945 1

1156 3995 1263 4057 storis
1279 3995 1473 4057 sustineret
1489 3994 1523 4055 in
1540 3993 1735 4074 operarios,

1241 4117 1497 4180 Monasterium
1519 4117 1723 4179 monialium
1740 4136 1771 4180 0.
1787 4135 1813 4177 s.
1830 4115 1867 4176 Β.
1881 4131 1912 4173 α’

1114 4264 1116 4315 j
1155 4239 1305 4301 nerabili
1329 4240 1461 4301 abbate
1483 4239 1650 4301 Rusteno
1677 4240 1712 4301 in
1736 4247 1852 4301 monte
1871 4235 1912 4297 Be

1155 4362 1269 4424 viensi
1292 4361 1494 4431 fundatum,
1520 4361 1603 4423 inde
1631 4363 1677 4423 ab
1706 4360 1840 4443 origine
1864 4375 1912 4439 qu<

1155 4485 1355 4565 spiritualia
1372 4494 1408 4546 et
1424 4484 1635 4564 temporalia
1656 4485 1847 4547 abbatibus
1860 4479 1912 4543 sl

1156 4606 1197 4668 sii
1215 4616 1292 4668 erat
1305 4606 1513 4687 subiectum,
1532 4626 1727 4687 eorumque
1739 4603 1912 4669 munificen

1157 4730 1274 4790 sexies
1291 4730 1373 4811 igne
1391 4743 1623 4811 consumtum,
1645 4730 1827 4811 pulchrius
1846 4743 1911 4788 sem

1157 4861 1193 4913 et
1210 4852 1328 4933 aptius
1345 4852 1556 4914 restitutum.
1580 4853 1670 4913 Post
1685 4852 1821 4913 obitum
1836 4865 1912 4931 prae

1158 4973 1247 5034 sitae
1263 4973 1444 5034 Victoriae
1466 4973 1606 5054 Meyer,
1631 4993 1726 5054 quae
1748 4971 1907 5035 moniales

1157 5094 1263 5155 mium
1280 5104 1450 5174 quantum
1471 5108 1631 5175 auxerat,
1657 5094 1794 5157 reditus
1817 5109 1912 5156 coeno

252 5208 370 5269 dinem
395 5209 484 5272 inter
500 5214 662 5275 subditos
678 5215 849 5296 grassari,
871 5217 917 5276 ad
933 5236 977 5276 ea
993 5217 1077 5276 abo·
1116 5290 1118 5295 Ι
1157 5236 1336 5298 nunquam
1354 5217 1776 5298 copiosi,tant0numero
1788 5213 1912 5279 moniali

252 5329 358 5388 lenda
379 5350 522 5394 severas
546 5335 646 5415 leges
672 5357 750 5397 cum
777 5337 917 5399 mulctis
938 5347 974 5399 et
994 5356 1078 5417 poe·
1116 5388 1118 5417 3
1158 5338 1220 5398 vix
1236 5337 1416 5400 suffecturi
1434 5340 1685 5407 credebantur;
1708 5351 1746 5402 at
1768 5342 1877 5403 abbas
1890 5335 1912 5396 li

254 5448 308 5507 nis
330 5453 568 5529 corporalibus
593 5468 654 5517 aut
675 5457 781 5518 etiam
802 5458 921 5519 sanxit
942 5454 1077 5519 exsilio.
1116 5482 1119 5493 ·
1158 5459 1252 5521 tinus
1268 5480 1332 5541 pro
1343 5480 1407 5522 sua
1420 5461 1454 5522 in
1467 5460 1557 5522 filias
1571 5463 1763 5524 clementia
1776 5459 1912 5544 periclis
