4034 6262
863 489 1144 557 ‚294-

136 696 163 738 s.
181 677 452 755 presbyteratus
474 672 597 735 ordine
620 676 670 736 28.
688 670 768 735 Oct.
789 676 869 750 1798
892 670 965 733 Me·

135 796 211 859 rani
232 805 409 877 suscept0,
432 815 479 859 11.
497 795 586 858 Nov.
609 795 644 857 in
665 794 781 875 patria
803 814 867 857 sua
884 814 967 858 neo·

135 929 252 1000 mysta
268 919 313 979 ad
331 938 428 980 aram
444 917 554 981 stetit.
579 916 735 979 Primum
758 927 966 997 cooperato-

135 1040 182 1102 ris
191 1059 335 1101 munere
348 1040 394 1101 ad
403 1059 429 1101 5.
441 1039 633 1103 Martinum
646 1038 681 1100 in
690 1037 870 1120 Passyria,
884 1038 966 1100 dein
1006 1056 1009 1083 ³

136 1161 348 1243 professoris
361 1161 396 1223 in
408 1162 596 1244 gymnasio
609 1160 812 1223 Meranensi
824 1160 967 1223 iunctus

137 1295 201 1346 est.
214 1282 433 1347 Monasterio
446 1295 567 1345 nostro
582 1288 658 1362 1807
671 1304 692 1345 a
705 1282 827 1364 regim.
837 1283 965 1346 Bavar.

136 1404 967 1486 suppressoinlyceoTridentinophilosophiam

137 1526 232 1589 omni
249 1546 327 1587 cum
344 1526 447 1588 laude
468 1525 652 1606 professus
674 1537 738 1589 est.
764 1524 851 1589 Cum
875 1545 967 1587 anno

142 1653 221 1709 1816
246 1647 468 1728 Franciscus,
495 1648 662 1710 Austriae
687 1648 888 1730 imperator,
916 1667 968 1710 re-

138 1769 392 1832 staurationem
405 1771 608 1833 monasterii
620 1771 875 1853 benignissime
885 1790 968 1841 con-

138 1890 315 1972 cessisset,
329 1892 525 1954 confratres
535 1912 579 1954 ex
591 1892 811 1975 dispersione
825 1892 858 1954 in
872 1913 968 1954 mon-

137 2023 209 2075 tem
234 2033 260 2075 5.
284 2013 420 2075 Mariae
447 2015 627 2077 redierunt
651 2024 687 2077 et
716 2019 761 2077 16.
784 2013 862 2077 Oct.
890 2019 969 2076 1816

139 2134 304 2197 Carolum
325 2136 494 2197 abbatem
515 2118 829 2218 elegeruntsProh
854 2137 969 2198 dolor!

139 2257 434 2339 Neoelecti,enim
451 2270 537 2338 erat,
555 2260 696 2320 domum
713 2259 855 2339 penitus
872 2258 971 2340 expi-

140 2380 248 2441 latam
269 2391 470 2444 restaurare
495 2390 530 2441 et
552 2399 687 2462 regere.
713 2377 785 2442 Sed
810 2399 875 2442 nec
899 2381 971 2442 ani·

140 2521 216 2562 mus
245 2501 293 2563 illi
321 2521 386 2563 nec
412 2502 506 2564 vires
531 2502 730 2564 defuerunt.
762 2501 970 2564 Auxiliante

139 2624 256 2705 gratia
274 2624 402 2702 divina,
419 2644 457 2686 re
474 2633 509 2686 et
523 2624 669 2687 consilio
683 2623 898 2687 confratrum
910 2626 971 2686 ad-

140 2747 247 2827 iutuS,
269 2746 344 2808 iura
361 2747 566 2808 monasterii
583 2748 807 2828 recuperavit
824 2747 970 2828 eiusque

139 2870 234 2930 bona
251 2869 396 2951 collegit
413 2881 448 2931 et
462 2869 571 2932 auxit.
597 2869 757 2931 Praefuit
773 2869 823 2931 ita
840 2878 875 2931 et
890 2889 971 2950 pro·

140 2989 207 3052 fuit
231 2989 265 3050 in
290 2991 467 3070 omnibus,
492 3002 530 3052 ut
553 3001 648 3053 certe
673 2991 802 3072 dignus
823 2991 882 3071 sit,
911 2991 970 3072 qui

139 3120 358 3173 restaurator
374 3113 480 3174 immo
497 3113 622 3176 tertius
640 3112 844 3175 monasterii
860 3112 969 3175 nostri

140 3234 307 3310 fundator
316 3234 525 3314 appelletur.
540 3238 618 3313 1849
625 3235 970 3318 gymnasiumMera·

141 3374 260 3434 nense,
285 3354 422 3417 civibus
447 3375 551 3436 opem
576 3369 738 3438 prompte
764 3356 970 3438 ferentibus,

140 3475 380 3557 amplificavit.
405 3476 520 3558 Quam
537 3480 668 3541 obrem
685 3481 730 3541 de
747 3479 891 3543 civitate
908 3500 970 3561 op·

139 3599 224 3661 time
245 3600 372 3662 meruit
394 3601 541 3681 eiusque
564 3601 726 3663 meritum
750 3603 795 3662 ad
820 3602 969 3682 posteri-

139 3723 224 3784 tatis
252 3723 455 3784 memoriam
483 3723 686 3804 pertinebit.
719 3724 853 3786 Eodem
877 3744 968 3786 anno

139 3844 241 3906 Dom.
267 3867 296 3922 4.
323 3845 416 3927 Aug.
442 3845 633 3908 iubilaeum
657 3848 878 3908 sacerdotale
903 3848 970 3908 sol·

140 3967 246 4029 lemni
258 3966 326 4030 ritu
339 3967 542 4029 celebravit.
560 3968 629 4029 Per
642 3968 761 4049 plures
775 3987 886 4030 annos
899 3977 969 4030 sto·

140 4091 264 4151 macho
281 4089 447 4150 laborans
463 4098 545 4151 ante
563 4089 683 4151 oculos
699 4089 888 4170 hospitum,
910 4090 970 4170 qui

140 4231 220 4273 eum
247 4210 416 4273 visitandi
448 4231 556 4273 causa
587 4213 746 4292 aderant,
778 4211 970 4293 apoplexia

140 4344 256 4397 tactus
273 4345 309 4395 et
326 4355 352 4395 s.
363 4334 528 4396 unctione
542 4334 707 4414 provisus
719 4333 808 4395 obiit
824 4340 873 4396 23.
884 4334 970 4396 Maii

145 4460 222 4517 1855
241 4456 369 4518 aetatis
386 4475 472 4517 suae
486 4460 536 4518 81.
554 4455 783 4537 Epitaphium
797 4456 872 4517 eius
882 4457 970 4517 haec

139 4580 249 4640 habet
258 4580 383 4639 verba:
397 4578 624 4657 „Monasterii
633 4587 860 4658 restaurator,
870 4597 971 4660 gym-

141 4699 229 4761 nasii
251 4699 472 4762 Meranensis
493 4699 740 4782 amplificator,
766 4700 847 4762 iusti
869 4700 971 4761 recti·

142 4841 209 4902 que
223 4832 341 4899 tenax,
359 4821 436 4883 aliis
449 4821 552 4897 mitis,
566 4823 703 4904 rigidus
716 4821 813 4883 sibi.“
833 4819 887 4883 Sit
900 4840 970 4882 me·

141 4944 250 5004 moria
267 4944 344 5005 eius
361 4944 395 5004 in
412 4945 675 5006 benedictione!

228 5084 287 5143 Ad
316 5102 416 5142 usum
445 5103 545 5144 suum
574 5083 608 5144 in
635 5084 738 5164 lyceo
763 5081 969 5143 Tridentino

142 5204 296 5264 maxima
313 5223 390 5264 cum
408 5205 593 5285 diligentia
609 5217 645 5266 et
662 5224 746 5266 cura
762 5204 919 5283 scripsit:

229 5329 451 5384 Praelectiones
472 5332 709 5406 philosophicae.
733 5333 786 5386 Ms.
809 5338 850 5401 4⁰.
880 5332 969 5386 1vol.

144 5432 177 5486 ln
194 5432 330 5488 biblioth.
349 5447 474 5488 monast.
491 5436 611 5490 adserv.

1133 666 1256 761 Mayr
1280 675 1564 741 Sebastianus
1589 674 1824 759 (Cremisaner-

1047 793 1129 873 sis),
1146 794 1180 855 in
1194 794 1362 876 parochia
1371 791 1660 857 Steinerkircben
1673 793 1721 857 die
1729 817 1765 858 20.
1772 798 1823 863 lan.

1051 919 1130 993 1845
1144 927 1259 996 natus,
1270 916 1498 998 frequentato
1511 915 1691 998 gymnasio
1702 915 1803 981 Cremif
1816 957 1825 967 ·

1047 1037 1146 1099 nensi
1171 1057 1197 1100 s,
1218 1037 1342 1101 habitu
1368 1037 1426 1100 die
1444 1042 1494 1099 25.
1514 1038 1609 1119 Aug.
1630 1041 1702 1100 1865
1722 1038 1826 1103 indutus

1047 1160 1314 1240 quadriennium
1332 1159 1572 1240 theologicum
1589 1159 1624 1222 in
1638 1158 1773 1223 instituto
1785 1163 1827 1224 do·

1047 1281 1193 1344 mestico
1206 1282 1251 1343 ad
1264 1300 1291 1343 s.
1302 1280 1457 1343 Floriani
1469 1281 1653 1362 percurrit,
1667 1281 1717 1343 die
1727 1303 1749 1360 9.
1756 1281 1827 1364 Sept.

1053 1407 1131 1480 1869
1154 1415 1239 1465 vota
1261 1403 1444 1465 sollemnia
1467 1402 1584 1465 emisit
1607 1412 1642 1466 et
1665 1403 1715 1465 die
1733 1405 1829 1467 irlul.

1053 1529 1134 1605 1870
1147 1526 1314 1587 sacerdos
1330 1534 1456 1587 unctus
1469 1534 1535 1588 est.
1556 1529 1711 1604 1870-71
1725 1524 1752 1586 in
1762 1525 1827 1588 univ.

1048 1646 1202 1709 Vindob.
1225 1647 1355 1729 linguis
1375 1646 1633 1710 recentioribus
1652 1666 1773 1728 operam
1787 1648 1828 1709 de·

1049 1768 1115 1841 dit;
1141 1770 1186 1830 ab
1207 1788 1299 1830 anno
1321 1773 1398 1848 1872
1421 1769 1622 1851 linguarum
1645 1769 1827 1832 recentiorum

1050 1898 1085 1951 et
1102 1890 1148 1951 ab
1165 1909 1257 1952 anno
1275 1895 1353 1968 1873
1373 1890 1475 1953 simul
1490 1891 1634 1973 linguae
1646 1889 1827 1953 Germanicae

1050 2011 1233 2094 professor
1249 2013 1283 2073 in
1300 2013 1499 2095 gymnasio.

1139 2178 1259 2241 Edidit
1275 2179 1449 2241 libellum:

1139 2346 1354 2421 Ausgewahlte
1386 2347 1579 2421 llichtungen
1610 2366 1667 2403 von
1696 2349 1723 2404 P.
1744 2347 1825 2402 llarcus

1051 2450 1169 2506 Holter.
1196 2447 1225 2528 (i.
1248 2470 1273 2507 e.
1300 2452 1442 2507 Poemata
1464 2451 1579 2509 selecta
1600 2452 1631 2508 P.
1648 2438 1730 2508 hsarci
1747 2449 1824 2511 Holter.

1051 2553 1182 2630 professi
1196 2554 1450 2634 Cremisanensis.)
1467 2556 1563 2624 Wels‚
1581 2556 1684 2613 Druck
1694 2555 1743 2611 und
1753 2553 1825 2623 Verlag

1051 2679 1111 2715 von
1126 2659 1242 2735 Johann
1260 2662 1352 2717 Haas,
1374 2660 1464 2735 1877.
1487 2668 1546 2717 12⁰.
1570 2675 1623 2735 171
1645 2681 1672 2737 p.

1138 2861 1415 2957 Mayrhauser
1438 2874 1650 2935 Amandus
1674 2865 1825 2954 (Crenila

1051 2990 1225 3071 nensis),
1258 3001 1364 3052 antea
1395 2990 1546 3053 Ioannes
1578 2990 1641 3052 Ev.
1672 2988 1825 3052 Austriacus

1051 3112 1258 3193 Linciensis,
1277 3113 1333 3174 die
1352 3118 1401 3177 23.
1416 3112 1505 3175 Nov.
1524 3133 1605 3193 1779
1622 3124 1728 3191 natus,
1742 3104 1824 3173 studiis

1051 3235 1228 3317 gymnasii
1252 3244 1287 3297 et
1308 3236 1565 3317 philosophicis
1592 3235 1627 3298 in
1654 3238 1733 3297 urbe
1750 3227 1826 3314 patria

1051 3357 1224 3419 absolutis
1248 3358 1306 3419 die
1331 3379 1380 3433 29.
1399 3357 1622 3440 Septembris
1648 3377 1718 3437 1797
1741 3347 1826 3417 Cremi-

1050 3479 1123 3541 fani
1139 3480 1306 3561 religioso
1318 3480 1477 3541 habitum
1492 3479 1647 3553 indutus,
1665 3472 1825 3542 (11628.Οεί

1055 3606 1132 3664 1802
1151 3612 1236 3663 vota
1252 3601 1418 3683 religiosa
1439 3603 1601 3664 sollemni
1617 3604 1684 3664 ritu
1698 3609 1825 3674 nuncupa·

1050 3724 1102 3786 vit
1128 3736 1163 3786 et
1190 3729 1228 3785 25
1253 3725 1379 3786 diebus
1404 3736 1486 3805 post
1510 3725 1707 3787 sacerdotio
1727 3728 1823 3784 ornatus

1051 3857 1114 3908 est.
1137 3845 1292 3908 Primum
1310 3857 1521 3926 cooperator
1534 3846 1570 3907 in
1583 3841 1825 3908 Petrenbachn·

1051 3987 1095 4030 no
1117 3972 1195 4029 1865
1215 3967 1388 4029 Viennam
1406 3967 1545 4049 missus,
1568 3979 1606 4030 ut
1628 3988 1666 4030 se
1685 3967 1726 4029 ad
1743 3965 1825 4025 docer·

1051 4092 1132 4151 dam
1145 4091 1180 4152 in
1192 4089 1353 4152 instituto
1363 4090 1566 4173 theologico
1577 4089 1756 4153 domestico
1764 4084 1824 4145 theo

1050 4212 1181 4294 logiam
1195 4211 1433 4293 dogmaticam
1443 4222 1689 4292 praepararet;
1706 4214 1766 4285 1807
1776 4215 1824 4285 pst

1051 4334 1165 4396 fessor
1178 4334 1380 4415 theologiae
1394 4334 1622 4415 dogmaticae
1639 4333 1782 4411 simulque
1792 4335 1824 4382 tt·

1051 4456 1193 4539 ligionis
1221 4457 1255 4518 in
1283 4458 1385 4538 lyceo
1413 4457 1687 4537 Cremifanensi,
1713 4457 1749 4516 ab
1767 4456 1823 4509 anss⁰

1056 4582 1135 4640 1816
1153 4598 1314 4640 camerae
1331 4579 1541 4642 tributariae
1557 4581 1753 4661 praefectus,
1766 4579 1822 4632 ass¹¹0

1056 4704 1132 4778 1817
1160 4721 1180 4760 a
1206 4720 1232 4761 s.
1257 4723 1284 4762 c.
1308 4723 1333 4762 r.
1359 4702 1437 4763 mai.
1457 4703 1649 4765 Francisco
1665 4704 1688 4766 I.
1708 4688 1822 4763 Austriat

1051 4823 1262 4904 imperatore
1288 4837 1431 4888 moneta
1456 4846 1566 4887 aurea
1590 4826 1702 4888 media
1720 4838 1768 4904 pro
1782 4806 1823 4893 piis

1051 4946 1184 5008 meritis
1212 4958 1374 5016 ornatus;
1406 4953 1482 5009 1821
1496 4970 1590 5025 —24
1615 4955 1749 5010 vacante
1770 4929 1822 4998 sede

1051 5069 1222 5130 abbatiali
1246 5071 1512 5132 administrator
1537 5068 1731 5134 monasterii
1746 5060 1822 5126 trium·

1051 5190 1152 5251 virali
1175 5201 1369 5271 potestate;
1394 5196 1439 5254 ab
1467 5214 1561 5255 anno
1591 5200 1668 5271 1824
1691 5213 1716 5254 c.
1735 5207 1753 5249 r.
1771 5192 1820 5243 col·

1051 5313 1166 5374 victus
1187 5314 1340 5375 director
1364 5324 1400 5376 et
1424 5317 1624 5379 studiorum
1643 5307 1821 5379 cremifanen-

1051 5436 1138 5497 sium
1156 5437 1390 5516 prodirector;
1416 5441 1462 5500 ab
1484 5459 1579 5502 anno
1606 5446 1679 5502 1821
1701 5428 1777 5498 siml
1792 5414 1821 5482 sii
