4088 6270
900 525 946 536 --
1004 485 1077 571 273
1133 525 1181 537 .-

169 693 336 768 bedrangte
353 694 418 750 Zeit
438 694 497 751 und
518 694 576 751 den
596 695 811 771 preussischen
830 695 926 770 Krieg
947 691 1001 751 be-

171 797 307 854 trefiend.
324 798 408 865 Lina,
425 799 549 855 Milnzer
565 794 604 877 (o.
621 796 659 878 J.)
675 800 741 856 Fol.

256 917 392 980 Nomen
421 917 488 980 sibi
520 918 741 999 comparavit
769 918 916 981 Maurus
943 935 1000 980 co-

169 1040 327 1102 moedias
359 1049 395 1104 et
427 1039 623 1103 cantilenas
656 1059 817 1103 sermone
848 1039 998 1103 rustico·

169 1162 314 1244 antiquo
332 1161 590 1225 conscribendo
607 1164 935 1245 componendoque,
952 1183 998 1225 ex

169 1284 297 1367 quibus
313 1285 391 1367 ipso
409 1294 483 1348 turn
500 1284 535 1349 in
548 1284 640 1347 vivis
653 1285 750 1368 typis
763 1288 931 1349 mandata
944 1295 999 1349 est

169 1407 369 1470 comoedia:

255 1534 292 1590 X.
314 1534 532 1609 Kurzweiliger
548 1535 820 1610 Hochzeitvertrag
836 1555 871 1590 zu
888 1534 998 1592 Unter·

169 1638 290 1713 haltung
302 1638 356 1695 der
369 1639 447 1694 Frau
460 1640 555 1695 Maria
565 1639 705 1705 Antonia,
720 1641 925 1714 Erzherzogin
937 1657 998 1696 von

168 1743 379 1809 Oesterreich‚
406 1743 565 1820 Dauphine
589 1762 649 1801 von
674 1744 871 1802 Frankreich.
897 1741 998 1819 Steyr,

168 1846 334 1902 Menhardt.
356 1860 447 1920 1770.
471 1845 531 1904 16⁰.
553 1846 589 1904 16
606 1867 636 1924 p.

253 1951 306 2006 XI.
338 1951 396 2006 Die
424 1950 663 2028 Komodieprob.
696 1949 801 2028 Steyr‚
829 1951 998 2009 Menhardt.

172 2052 261 2128 1776.
280 2053 314 2111 8⁰
329 2056 402 2111 min.
417 2054 459 2127 36
475 2075 504 2131 p.
908 2054 911 2060 ’

253 2173 381 2237 Omnia
402 2192 494 2255 quae
520 2173 554 2237 in
579 2173 822 2256 manuscripto
845 2175 999 2256 quodam

164 2295 403 2359 bibliothecae
424 2296 680 2359 Lambacensis
704 2316 726 2358 a
750 2295 861 2359 fratre
882 2294 999 2359 Mauri

165 2419 273 2480 Petro
286 2417 485 2499 Theophilo
498 2419 713 2502 Lindemayr
726 2418 923 2500 composito
937 2419 999 2480 ha-

163 2543 293 2604 bentur
313 2543 429 2604 denuo
451 2541 549 2605 edita
565 2541 792 2604 inveniuntur
807 2540 843 2604 in
858 2540 998 2603 libello:

249 2667 316 2724 XII.
337 2667 461 2723 Maurus
479 2666 678 2741 Lindemayrs
700 2666 885 2723 sammtliche
902 2665 996 2722 Dich-

164 2784 276 2845 tungen
285 2773 314 2826 in
324 2769 850 2828 obderennsischerVolksmundart.
862 2769 996 2826 Heraus·

163 2874 303 2950 gegeben
319 2893 378 2930 ron
396 2875 466 2931 Pius
483 2873 670 2931 SchmIeder.
693 2873 777 2943 Linz,
799 2872 995 2945 Ebenhoech.

169 2979 261 3053 1875.
280 2977 314 3036 8⁰
329 2981 398 3036 min.
416 2977 478 3052 418
496 2999 526 3055 p.

247 3125 402 3199 Linder
416 3137 445 3198 F
451 3134 994 3218 intanuslSanBlasianus).

164 3255 278 3318 Natus
297 3265 352 3317 est
368 3254 404 3316 in
416 3254 675 3336 Radolphszell
690 3253 725 3316 in
741 3273 872 3336 magno
889 3255 995 3317 duca·

162 3391 200 3441 tu
217 3377 374 3440 Badensi
393 3376 450 3439 die
471 3396 497 3456 7.
515 3375 620 3440 Mart.
642 3380 736 3455 1725;
760 3397 786 3441 s.
802 3376 927 3439 habitu
944 3376 994 3438 in·

162 3501 268 3562 dutus
292 3499 328 3562 in
354 3498 436 3561 divo
457 3498 595 3570 Blasi0;
620 3497 835 3561 sollemniter
856 3497 992 3579 profes·

163 3641 221 3684 sus
246 3621 303 3684 die
327 3626 355 3683 8.
376 3619 463 3683 Dec.
490 3640 585 3699 1744;
610 3619 809 3682 sacerdotio
833 3618 992 3681 initiatus

163 3744 219 3808 die
237 3748 288 3808 23.
305 3715 393 3806 Maii
417 3747 507 3806 1850.
531 3743 628 3805 Inter
650 3751 794 3825 togatos
810 3742 991 3804 scholares

161 3887 187 3929 s.
204 3865 316 3928 Blasii
333 3885 354 3927 a
370 3865 502 3928 teneris
519 3866 703 3944 educatus,
724 3876 867 3945 praeter
886 3862 991 3926 solita

161 3988 278 4051 studia
295 3987 523 4050 addiscendis
543 3986 675 4070 linguis
697 3985 928 4048 orientalibus
948 4005 991 4048 ea

161 4110 333 4174 industria
361 4121 397 4172 et
422 4128 464 4171 eo
488 4109 654 4191 profectu
678 4128 716 4170 se
740 4107 927 4189 impendit,
951 4118 991 4170 ut

161 4253 230 4296 non
252 4233 364 4294 solum
388 4231 582 4294 iunioribus
603 4251 630 4294 s.
647 4230 773 4312 Blasii,
797 4231 861 4292 sed
885 4240 921 4292 et
944 4249 989 4292 ex

160 4357 237 4419 aliis
259 4353 440 4417 ordinibus
462 4352 667 4417 monasticis
691 4362 727 4415 et
752 4352 933 4415 coenobiis
953 4351 988 4413 in

161 4487 375 4541 conventum
392 4475 688 4539 San-Blasianum
709 4473 790 4536 ideo
810 4473 988 4556 susceptis

159 4598 336 4682 religiosis
364 4599 507 4659 easdem
537 4596 740 4677 tradiderit,
773 4596 833 4677 qui
860 4595 988 4659 deinde

159 4726 226 4786 hoc
242 4722 442 4803 linguarum
458 4717 612 4782 studium
628 4729 808 4800 tamquam
825 4737 988 4781 necessa-

158 4846 247 4908 rium
264 4843 525 4924 comparandae
542 4861 665 4903 sacrae
682 4840 889 4903 eruditionis
905 4843 987 4902 sub·

158 4966 286 5029 sidium
311 4964 406 5044 alibi,
432 4963 467 5025 in
490 4962 642 5044 publicis
664 4962 771 5025 etiam
794 4962 986 5025 academiis

157 5096 410 5170 propagarunt.
424 5086 464 5149 In
478 5104 599 5147 eorum
608 5104 709 5147 usum
717 5084 986 5166 grammaticam

156 5212 371 5275 Hebraicam
387 5208 484 5291 typis
501 5206 686 5285 commisit,
710 5225 731 5267 a
754 5207 911 5269 methodi
934 5205 984 5267 Ia·

107 5347 113 5358 '
157 5336 290 5399 cilitate
307 5344 344 5396 et
359 5331 539 5394 soliditate
555 5329 702 5393 multum
722 5329 913 5409 laudatam,
934 5329 984 5390 in-

157 5479 225 5540 que
249 5458 349 5520 brevi
375 5455 491 5518 lexico
516 5453 770 5536 grammatIcae
794 5451 916 5514 addito
941 5487 984 5497 -

1082 690 1177 770 quod
1193 700 1277 752 t-unc
1294 690 1464 772 temporis
1480 710 1559 754 raro
1575 689 1696 773 fiebat,
1713 693 1805 755 etiam
1816 695 1865 756 dia·

1079 810 1190 874 lectos
1201 811 1404 892 Arabicam,
1414 810 1600 895 Syriacam
1612 824 1649 877 et
1658 813 1866 898 Aethiopicam

1080 932 1310 1014 comparavit.
1345 933 1545 997 Iunioribus
1574 934 1712 998 clericis
1741 955 1765 998 s
1789 937 1866 1000 Blasi

1079 1054 1336 1138 philosophiam
1353 1056 1499 1121 tradidit
1515 1057 1581 1139 bis,
1602 1068 1640 1121 et
1654 1067 1787 1139 partem
1800 1061 1869 1123 theo·

1077 1175 1195 1258 logiae
1207 1179 1374 1240 methodo
1382 1179 1488 1240 valde
1499 1178 1692 1243 succincta.
1706 1180 1869 1244 Adiunctus

1078 1298 1208 1361 deinde
1224 1299 1259 1362 in
1276 1299 1403 1380 Berau,
1428 1311 1464 1364 et
1486 1301 1679 1384 parochiae
1700 1302 1871 1366 vicariusin

1079 1421 1221 1484 Bernau
1245 1431 1282 1484 et
1305 1420 1592 1503 Grafenhausen,
1617 1423 1798 1505 posteriori
1815 1426 1869 1488 loco

1078 1542 1181 1605 annis
1194 1543 1356 1606 undecim
1369 1545 1546 1618 consedit;
1563 1548 1669 1609 modo
1681 1545 1871 1610 honorificum

1079 1630 1234 1728 officium
1261 1666 1457 1749 praepositi
1485 1667 1520 1729 in
1544 1667 1704 1750 Biirglen
1730 1669 1867 1732 sustinuit

1078 1787 1143 1869 Ibi,
1161 1807 1245 1850 cura
1262 1788 1313 1851 rei
1329 1789 1545 1853 domesticae
1563 1791 1737 1854 saeculari
1757 1792 1869 1873 cuidam,

1079 1909 1140 1991 qui
1168 1909 1235 1992 ipsi
1260 1912 1353 1974 hunc
1378 1911 1414 1973 in
1436 1910 1542 1975 finem
1567 1913 1755 1978 adiunctus
1778 1913 1867 1994 fuerat,

1079 2032 1301 2114 potissimum
1325 2033 1457 2114 relicta,
1483 2034 1626 2098 lexicon
1650 2056 1804 2119 magnum
1820 2035 1868 2098 He·

1078 2155 1606 2238 braeo·rabbinotalmudicum,
1624 2159 1719 2239 quod
1731 2176 1864 2240 gramna-

1079 2277 1171 2340 ticae
1187 2288 1389 2341 secuturum
1402 2279 1672 2361 adpromiserat‚
1689 2279 1863 2342 iamdudum

1079 2399 1290 2481 Inchoatum,
1308 2400 1353 2461 ad
1365 2398 1470 2462 finem
1484 2402 1661 2464 deducere
1674 2399 1862 2478 adlaboratit

1079 2523 1125 2583 ad
1140 2522 1236 2585 vitae
1252 2520 1359 2585 finem
1374 2523 1452 2604 ipse
1469 2523 1573 2586 citius
1590 2543 1787 2606 properans.
1805 2523 1861 2603 Ipsa

1078 2645 1178 2707 obesi
1195 2647 1354 2727 corporis
1370 2648 1481 2710 moles
1497 2648 1610 2710 morbi
1633 2668 1740 2711 causa
1758 2657 1807 2709 aut
1821 2643 1859 2706 ini·

1077 2766 1165 2829 tium
1181 2766 1258 2848 fuit,
1276 2767 1331 2830 cui
1348 2767 1531 2850 inopinato
1547 2770 1733 2832 succubuit
1752 2784 1858 2847 sexage

1076 2887 1195 2950 narius
1223 2888 1280 2950 die
1308 2909 1354 2952 10.
1381 2889 1467 2952 Maii
1495 2894 1594 2968 1785:
1623 2910 1713 2972 opus
1738 2900 1856 2970 coeptum

1076 3012 1243 3075 manebat
1259 3011 1516 3092 imperfectum.

1162 3152 1266 3214 Prelo
1284 3152 1473 3215 commisit:

1162 3297 1184 3352 I.
1202 3296 1289 3372 Opus
1306 3299 1532 3370 grammaticum
1548 3295 1700 3352 Ebraeum
1720 3295 1753 3351 ad
1767 3289 1852 3349 solidam

1074 3418 1179 3457 sacrae
1200 3400 1320 3475 linguae
1342 3400 1567 3474 intelligentiam
1589 3398 1729 3456 methodo
1747 3395 1853 3469 analytica

1073 3505 1196 3562 ducens.
1215 3505 1328 3570 Ulmae‚
1350 3519 1443 3578 1755.

1159 3611 1195 3667 II.
1208 3609 1343 3666 Lexicon
1355 3599 1852 3666 Latino-ebmicum-rabbinicothal·

1072 3712 1230 3770 mudicum.
1255 3714 1440 3789 Manuscript
1464 3710 1503 3790 (in
1528 3713 1652 3770 archivo
1674 3705 1852 3770 San-Panno

1071 3817 1127 3873 Nn.
1146 3815 1207 3896 96).

1157 3923 1209 3980 III.
1238 3921 1439 3979 Sonnenfelin
1463 3922 1557 3997 Lapis
1586 3922 1684 3998 lydius
1709 3939 1767 3978 cum
1790 3925 1851 3990 opert

1069 4029 1265 4101 grammatico
1291 4023 1412 4082 Ebraeo
1436 4027 1468 4082 P.
1490 4026 1607 4082 Fintani
1628 4025 1738 4083 Linder
1757 4020 1850 4080 collisus,

1069 4149 1105 4188 ac
1122 4133 1319 4188 comminutus
1331 4132 1360 4186 in
1373 4128 1618 4187 Philebraeoruni
1630 4131 1752 4204 gratiam
1765 4132 1851 4183 curante

1069 4234 1201 4292 eiusdem
1226 4238 1328 4311 operis
1350 4249 1484 4301 auctore,
1510 4233 1684 4291 academiae
1706 4231 1851 4290 scientiarum

1069 4338 1283 4396 Roboretanae
1291 4337 1436 4396 membro
1445 4339 1560 4406 Ulmae‚
1571 4322 1849 4415 typisWohler.1753·

1074 4459 1127 4500 121
1149 4463 1178 4519 p.
1196 4443 1239 4501 8⁰.

1153 4590 1420 4686 Lintzmeyer
1451 4601 1671 4682 Rupertus
1702 4586 1850 4683 (Emani-

1067 4705 1849 4801 nusMontserratensis)‚Bohemuspresti·
1896 4748 1900 4801 ·[

1068 4841 1194 4921 censis,
1218 4850 1323 4903 natus
1346 4859 1439 4903 anno
1464 4860 1555 4921 1714,
1581 4843 1774 4923 baptIzatus
1791 4855 1807 4896 a
1823 4826 1847 4890 P.
1897 4808 1900 4845 ³

1067 4963 1249 5026 Antonino
1263 4962 1406 5044 Otecky
1423 4964 1496 5026 ord.
1510 4983 1537 5028 s.
1549 4962 1734 5026 Benedicti
1745 4955 1847 5024 cladru-

1065 5084 1114 5145 bii
1130 5083 1293 5165 professo
1310 5095 1346 5147 et
1357 5083 1593 5147 Presticensis
1605 5082 1799 5148 residentiae
1807 5069 1844 5134 ad·

1065 5205 1314 5286 ministratore,
1340 5206 1522 5287 professus
1545 5227 1638 5271 anno
1664 5213 1747 5286 1737,
1764 5188 1844 5284 primi·

1064 5329 1133 5390 tias
1149 5329 1343 5390 celebravit
1358 5328 1393 5389 in
1410 5329 1525 5408 patria
1542 5350 1607 5392 sua
1619 5324 1770 5393 Presticii
1782 5326 1841 5383 anss⁰

1068 5471 1148 5528 1740
1165 5450 1353 5512 comitante
1370 5449 1487 5530 ipsum
1499 5449 1716 5534 Hieronymo
1727 5445 1841 5513 Cechrler
