4088 6270
781 543 846 584 .-
906 522 978 590 323
1036 543 1084 552 -·

166 713 209 769 XI.
232 711 330 768 Causa
353 710 457 767 decisa
476 710 636 767 divisarum
661 723 846 786 potestatum
870 711 899 764 in

139 816 192 874 ibus
219 814 483 872 matrimonialibus
517 815 796 891 impedimentorum
829 815 899 871 diri·

139 923 219 977 ntium.
248 918 437 976 Francosurti
462 933 492 975 et
516 920 640 995 Lipsiae
670 933 759 992 1777.
783 919 851 976 Vol.
874 933 898 975 1.

148 1038 197 1097 ²27
213 1043 240 1099 p.

166 1146 221 1201 XII.
245 1146 386 1220 Pagellae
403 1146 540 1201 volantes
553 1146 590 1201 de
606 1164 697 1202 causa
710 1145 812 1201 decisa
824 1145 899 1201 divi·

139 1270 177 1306 um
189 1263 369 1326 potestatum
388 1253 415 1305 in
431 1249 548 1325 legibus
563 1249 830 1306 matrimonialibus
847 1252 900 1306 im·

939 1334 942 1357 1

139 1352 307 1410 limentorum
325 1354 523 1410 dirimentium
539 1373 597 1430 pro
614 1354 713 1411 studio
735 1357 807 1411 iuris
824 1355 899 1428 regii

139 1462 184 1533 egri
197 1459 381 1515 illustrando.
411 1458 602 1515 Francosurti
619 1473 649 1515 et
665 1461 789 1534 Lipsiae
810 1458 899 1532 1782.

139 1563 150 1618 l.
168 1579 188 1619 1.
203 1564 248 1620 8⁰.

163 1687 235 1743 XIII.
261 1687 298 1742 D.
312 1687 424 1760 Zogeri
439 1687 581 1742 Bernardi
599 1705 656 1742 van
669 1687 772 1761 Espen
789 1689 833 1742 ius
850 1704 899 1742 ec·

139 1791 267 1847 iasticum
294 1792 322 1846 in
350 1793 481 1866 epitome
503 1791 657 1847 redactum
677 1810 713 1847 ac
735 1789 900 1847 subiunctis
938 1764 941 1781 Ι

139 1893 211 1950 vibus
228 1897 385 1951 sententiis
401 1909 492 1970 atque
508 1897 692 1969 argumentis
704 1895 793 1951 studii
807 1898 900 1971 patri·
938 1938 942 1984 Ι

139 1999 145 2052 i
159 2001 338 2056 instructum.
363 2000 520 2074 Augustae
535 1998 767 2077 Viudelicorum‚
788 2002 817 2056 in
833 2000 900 2057 osh-

139 2101 274 2159 tlibraria
289 2104 400 2179 Ioseph
418 2103 589 2160 Wolifiana.
613 2105 680 2160 Vol.
695 2119 723 2161 2.
742 2106 782 2163 8⁰.

159 2226 234 2282 XIV.
260 2226 485 2282 Praelectiones
508 2227 671 2282 canonicae
695 2228 776 2282 iuxta
798 2226 900 2284 titulos

139 2326 262 2385 ibrorurn
287 2330 554 2386 decretalium...
577 2333 606 2386 in
631 2333 846 2387 correctiorem
870 2346 900 2388 et

979 703 1083 767 facile
1108 705 1226 767 aditus
1249 706 1399 785 patebat
1423 705 1468 766 ad
1491 704 1743 767 monasterium
1768 705 1811 768 B.

979 826 1026 890 M.
1035 826 1079 889 V.
1093 827 1139 888 ad
1152 825 1281 890 Scotos
1289 826 1461 890 Viennae.
1484 827 1553 888 Die
1566 845 1653 910 ergo
1670 830 1719 889 25.
1731 825 1810 891 Oct.

984 952 1062 1026 1807
1081 946 1215 1010 ordinis
1235 966 1262 1011 s.
1278 947 1402 1010 habitu
1422 948 1566 1009 indutus
1588 958 1652 1011 est.
1676 948 1811 1030 Elapso

980 1068 1131 1131 tirocinii
1140 1077 1301 1150 tempore
1312 1069 1474 1151 publicas
1487 1069 1522 1132 in
1535 1090 1580 1132 ss.
1592 1070 1809 1153 theologiam

980 1191 1239 1272 praelectiones
1251 1191 1287 1253 in
1300 1211 1328 1253 c.
1339 1211 1364 1253 r.
1376 1191 1608 1255 universitate
1620 1203 1721 1255 tanto
1730 1212 1810 1255 curn

979 1312 1096 1375 fructu
1112 1322 1283 1393 tantaque
1300 1312 1354 1374 sui
1375 1314 1680 1376 commendatione
1705 1334 1810 1377 exce·

979 1434 1043 1516 pit,
1071 1442 1109 1495 ut
1133 1434 1203 1496 iam
1227 1444 1301 1496 tum
1327 1445 1456 1516 essent,
1485 1436 1544 1548 qpi
1568 1436 1810 1499 acutissimum

981 1574 1186 1618 eumrerum
1196 1555 1810 1638 divinaruminterpretemolimfore

979 1677 1274 1759 praedicaverint.
1297 1678 1489 1740 Praeterea
1514 1680 1710 1742 sacerdotis
1735 1682 1811 1743 Ma-

980 1798 1548 1881 roniticiAryda,quieotempore
1559 1800 1697 1863 litteras
1707 1804 1811 1865 doce·

980 1924 1043 1983 bat
1059 1921 1259 2003 orientaleS,
1277 1922 1441 1984 assiduus
1458 1923 1599 1985 auditor
1614 1924 1690 2006 fuit,
1712 1926 1811 1988 cuius

978 2043 1143 2105 familiari
1161 2063 1301 2124 quoque
1318 2045 1527 2107 commercio
1541 2023 1717 2109 utebatur.
1742 2047 1810 2110 Die

981 2168 1031 2227 28.
1050 2162 1129 2228 Oct.
1154 2169 1235 2227 1810
1255 2166 1413 2228 sollemni
1434 2177 1598 2230 votorum
1618 2169 1810 2250 sponsione

980 2289 1047 2349 deo
1072 2288 1268 2370 obligatus,
1293 2308 1385 2351 anno
1412 2292 1490 2351 1812
1518 2290 1574 2352 die
1598 2292 1810 2354 recolendae

139 2436 239 2491 ri0rem
272 2436 407 2490 ordinem
439 2436 573 2510 plurimis
605 2438 724 2492 mutatis
752 2435 897 2510 digestae.
979 2409 1158 2473 nativitati
1174 2410 1215 2474 Β·
1233 2409 1280 2472 Μ·
1296 2410 1340 2474 V·
1358 2431 1469 2492 sacro,
1495 2412 1642 2492 Primam
1664 2414 1731 2475 ‘4⁶0
1748 2416 1810 2476 Ob·

139 2534 238 2612 burgi,
252 2538 356 2595 formis
370 2540 590 2615 typographiae
600 2540 698 2596 aulIco
708 2539 899 2596 academicae
938 2578 941 2589 .
979 2533 1059 2594 tulit
1086 2532 1346 2595 immaculatam
1373 2533 1535 2596 hostiam.
1573 2533 1702 2598 Statim
1727 2538 1810 2601 exin

938 2596 941 2637 1

139 2655 167 2713 5.
189 2644 258 2699 Vol.
274 2657 304 2714 3.
323 2643 369 2700 8⁰.
980 2655 1174 2716 iunioribus
1195 2655 1229 2717 in
1249 2656 1463 2718 monasterio
1483 2656 1652 2719 fratribus
1671 2660 1810 2739 praefe-

158 2765 220 2822 XV.
242 2765 288 2820 De
305 2765 450 2839 dignitate
467 2768 622 2840 utriusque
635 2766 707 2822 cleri
721 2779 779 2823 tam
793 2785 899 2822 Saecu-
980 2785 1059 2839 ctus
1081 2785 1146 2858 est,
1170 2795 1316 2857 quorum
1338 2777 1456 2839 studia
1479 2780 1730 2843 moderaretur,
1755 2782 1810 2844 Ῑῃ.

139 2886 248 2944 tquam
270 2870 418 2943 regularis
442 2869 679 2926 dissertationes
711 2871 785 2926 Pars
805 2873 898 2946 prior.
938 2872 941 2903 ¹

139 2970 228 3047 :burgi
242 2974 346 3031 formis
359 2975 580 3051 typographiae
591 2975 688 3031 aulico
698 2975 898 3033 academicae.

139 3090 163 3148 5.
192 3078 259 3134 Vol.
290 3095 314 3135 1.
341 3079 369 3135 8.
395 3093 455 3151 315
475 3098 503 3154 p.
536 3080 611 3135 Pars
635 3082 787 3155 posterior
810 3076 899 3158 (opus

139 3180 280 3261 thumum).
298 3183 410 3239 Ibidem
433 3182 522 3256 1786.
541 3185 607 3240 Vol.
630 3199 654 3239 1.
673 3183 701 3240 8.
719 3199 782 3256 440
795 3204 823 3260 p.
844 3185 898 3241 Cui

139 3286 245 3344 esuum:
267 3289 413 3344 Memoria
430 3288 629 3364 biographica
641 3291 696 3345 viri
711 3287 898 3346 celeberrimi

139 3392 270 3448 lenedicti
288 3392 485 3449 Oberhauser
502 3395 572 3448 iuris
594 3395 748 3467 utriusque
765 3394 899 3450 doctoris

139 3497 276 3552 unsiliarii
294 3498 492 3553 ecclesiastici
507 3496 759 3570 Salisburgensis
784 3498 898 3555 ibidem

139 3596 163 3655 ὑ.
191 3598 228 3655 16
247 3620 274 3676 p.

157 3745 417 3821 Oberleitner
433 3760 625 3822 Andreas
646 3761 675 3823 F
682 3761 899 3823 ranciscus

144 3875 327 3956 utensis),
360 3876 508 3957 primam
532 3878 646 3940 lucem
671 3878 814 3959 aspexit
841 3878 899 3941 die

141 3995 210 4061 Ian.
233 4003 312 4076 1789
329 3999 364 4060 in
381 4019 462 4061 arce
481 3999 613 4081 oppidi,
639 3969 732 4081 quod
751 4001 898 4082 Angern

139 4128 206 4200 tur,
223 4120 258 4181 in
274 4120 422 4182 Austria
438 4121 612 4202 inferiore,
637 4121 698 4183 ubi
719 4131 821 4202 pater
838 4124 898 4184 do-

139 4240 177 4303 to
207 4241 412 4323 praefectus
443 4253 529 4306 erat.
567 4244 781 4306 Dulcissima
810 4264 898 4307 voce

139 4364 252 4427 editus
263 4384 353 4447 puer
363 4366 485 4426 decem
498 4385 667 4427 annorum
682 4367 830 4428 idoneus
843 4376 897 4428 est

139 4485 221 4570 itus
247 4488 305 4569 qui
329 4507 357 4552 c.
375 4509 400 4550 r.
423 4489 627 4551 cantoribus
649 4489 772 4551 aulicis
788 4492 898 4552 adnu-

980 2908 1078 2960 terea
1095 2899 1173 2979 ipse
1189 2898 1369 2980 ingenium
1388 2901 1483 2961 alere
1500 2900 1682 2984 industria,
1700 2903 1810 2965 libros

980 3019 1190 3102 praeprimis
1203 3039 1323 3082 sacros
1337 3041 1442 3083 manu
1455 3041 1598 3084 versare
1611 3022 1736 3086 diurna
1749 3045 1810 3087 no-

980 3151 1185 3223 cturnaque,
1203 3143 1354 3204 caeteris
1372 3143 1534 3205 omnibus
1547 3146 1712 3226 exemplo
1729 3166 1809 3208 esse

980 3273 1016 3327 et
1032 3266 1077 3326 ad
1094 3265 1148 3326 sui
1165 3265 1397 3328 imitationem
1414 3267 1605 3339 adducere;
1631 3271 1808 3350 quodque,

980 3396 1114 3468 quanto
1137 3387 1254 3476 fructu
1276 3387 1412 3469 fecerit,
1436 3389 1603 3451 indicium
1625 3399 1689 3472 est,
1714 3393 1809 3473 quod

979 3510 1071 3572 intra
1088 3511 1210 3572 decem
1227 3511 1399 3572 mensium
1416 3511 1570 3592 spatium
1583 3514 1746 3577 examina
1764 3534 1809 3576 ex

980 3631 1141 3694 omnibus
1167 3633 1362 3714 disciplinis
1385 3634 1597 3716 theologicis
1619 3644 1690 3697 tam
1714 3636 1809 3698 felici

980 3774 1148 3817 successu
1162 3755 1304 3836 subivit,
1321 3766 1360 3817 ut
1373 3757 1418 3817 ad
1431 3775 1585 3818 summos
1598 3757 1633 3818 in
1646 3777 1691 3820 ss.
1709 3760 1809 3839 theo·

979 3877 1076 3959 logia
1091 3878 1243 3939 honores
1259 3877 1420 3958 proxime
1435 3879 1635 3940 accesserit.
1659 3879 1808 3942 Ineunte

978 4019 1071 4061 anno
1088 4000 1301 4061 scholastico
1322 4003 1489 4077 1813-14
1510 3999 1692 4082 professor
1706 4021 1810 4084 gym-

979 4122 1069 4185 nasii
1089 4123 1134 4183 ad
1152 4119 1279 4185 Scotos
1301 4123 1509 4204 designatus
1532 4142 1597 4204 per
1621 4123 1808 4187 triennium

979 4265 1021 4308 eo
1034 4263 1180 4307 munere
1192 4243 1417 4326 fungebatur.
1443 4244 1557 4326 Quum
1570 4265 1655 4308 vero
1666 4265 1709 4308 eo
1721 4258 1810 4309 tem-

978 4388 1064 4451 pore
1085 4367 1298 4430 clarissimus
1316 4367 1375 4429 ille
1392 4367 1518 4448 Aryda
1537 4387 1681 4429 munere
1703 4370 1803 4431 abdi·

979 4502 1059 4554 cato
1080 4490 1115 4551 in
1139 4489 1290 4571 patriam
1313 4509 1413 4551 suam
1429 4488 1570 4570 Syriam
1594 4491 1811 4553 revertisset’

139 4620 271 4673 aretur.
307 4611 381 4673 Iam
409 4631 487 4673 cum
511 4611 602 4673 inter
626 4613 898 4675 contubernales
937 4654 940 4689 ,
979 4623 1289 4694 quaerereturque,
1315 4611 1476 4695 quisnam
1493 4611 1731 4693 professuram
1754 4612 1809 4675 lit-

139 4733 203 4796 enii
215 4734 341 4816 vigore
355 4743 390 4796 et
404 4734 603 4815 capacitate
615 4736 803 4796 admodum
816 4735 899 4796 emi·
979 4745 1133 4798 terarum
1150 4733 1372 4795 orientalium
1388 4742 1512 4814 posset
1524 4732 1715 4814 suscipere,
1734 4733 1808 4795 An-

139 4864 180 4937 et,
197 4866 235 4918 ut
252 4856 287 4918 in
304 4857 538 4939 gymnasium,
563 4858 657 4938 quod
674 4866 748 4918 turn
765 4867 900 4938 tempo·
938 4936 941 4947 1
980 4858 1097 4938 dreae,
1122 4856 1182 4936 qui
1202 4855 1238 4917 in
1258 4856 1324 4916 hoc
1346 4854 1464 4916 studio
1482 4873 1585 4916 omne
1602 4853 1711 4916 otium
1728 4873 1809 4916 con-

139 4979 180 5039 ad
197 4999 223 5040 s.
237 4979 380 5041 Annam
392 4977 553 5059 florebat,
572 4978 779 5061 mitteretur,
796 4978 900 5040 facile
938 4956 942 5011 I
981 4977 1200 5058 sumpsisset,
1218 4995 1282 5057 per
1294 4976 1446 5058 gratiam
1459 4976 1682 5056 imperatoris
1699 4976 1809 5038 conti·

139 5101 285 5181 tetravit,
302 5102 464 5182 adeoque
479 5100 609 5162 ibidem
623 5100 766 5162 assiduo
783 5099 900 5162 studio
980 5098 1033 5180 git
1046 5098 1526 5180 successiomenseAugusto
1539 5102 1629 5160 1816.
1643 5099 1808 5161 Illustrio·
1895 5175 1900 5184 υ

139 5220 381 5284 nobilissimam
397 5221 492 5283 vitae
505 5232 627 5301 artem,
641 5221 900 5304 philosophiam
939 5174 942 5277 I
980 5241 1054 5283 rem
1076 5221 1167 5283 hanc
1189 5218 1408 5301 provinciam
1429 5231 1555 5282 nactus
1575 5219 1632 5281 die
1654 5243 1685 5297 4.
1707 5219 1806 5302 Sept.

139 5359 152 5403 e
167 5344 407 5425 praeparavit,
432 5354 470 5405 ut
490 5344 525 5404 in
541 5343 665 5425 primis
686 5344 811 5406 merito
827 5343 901 5404 lau·
985 5347 1063 5420 1817
1082 5342 1304 5423 splendidam
1321 5341 1599 5422 disputationem
1614 5341 1747 5422 habuit,
1772 5352 1809 5404 et

139 5475 222 5529 etur.
255 5460 380 5529 Iuve‘ni
400 5466 527 5528 litteris
548 5476 736 5548 tantopere
759 5465 901 5526 exculto
940 5488 943 5533 1
981 5464 1095 5527 tribus
1123 5463 1303 5526 mensibus
1331 5472 1413 5543 post
1440 5463 1532 5525 diem
1561 5485 1591 5541 4.
1615 5462 1701 5526 Dec.
1726 5463 1808 5524 albo

1548 5568 1602 5626 41*
