4034 6262
830 520 869 528 -
915 481 1072 545 XLVIII
1118 520 1158 528 —

125 708 335 787 perterritos
358 708 528 788 plaustris
551 707 686 789 paratis
710 709 929 789 praedonum
951 709 1063 772 instar
1080 710 1264 773 Brixinum
1281 723 1317 774 et
1335 712 1465 773 Forum
1482 732 1614 776 novum
1631 713 1666 775 in
1685 733 1818 776 carcer<

125 847 329 928 deportavit
344 848 378 927 ¹).

254 986 474 1051 Monasteria
497 1006 582 1050 vero
605 985 903 1069 Salisburgensia,
927 988 974 1050 ad
994 1008 1020 1050 s.
1036 987 1192 1070 Petrum,
1209 989 1502 1072 Nonnbergense,
1520 990 1818 1054 Michaelburanu

123 1146 338 1207 quamquam
361 1146 431 1190 non
455 1126 752 1207 dissolvebantur,
776 1136 895 1189 tamen
916 1125 1046 1189 finibus
1070 1138 1143 1190 tam
1166 1129 1252 1190 artis
1276 1128 1544 1210 circumscripta
1566 1141 1659 1212 sunt,
1686 1139 1727 1192 ut
1745 1149 1818 1193 eon

123 1264 284 1329 condicio
307 1265 368 1327 vix
391 1265 518 1327 laetior
545 1276 641 1328 esset
668 1285 773 1345 quam
797 1265 1031 1328 Tirolensium
1059 1275 1097 1330 et
1124 1266 1219 1328 haud
1247 1267 1355 1329 dubie
1386 1269 1474 1330 haec
1506 1288 1649 1350 quoque
1680 1269 1818 1333 interitr

122 1424 194 1466 non
217 1403 436 1486 effugissent,
460 1404 527 1466 nisi
544 1402 789 1486 Salisburgurn
813 1404 848 1466 in
872 1414 1088 1485 potestatem
1103 1405 1438 1488 Habsburgensium
1461 1407 1636 1471 rediisset.
1671 1409 1751 1472 Iam
1770 1430 1818 1471 en

123 1545 344 1607 fortunarum
371 1543 631 1606 administratio
658 1543 700 1604 iis
727 1543 886 1626 dempta,
918 1564 1049 1627 magna
1079 1546 1183 1627 copia
1214 1547 1396 1629 signorum
1426 1558 1536 1628 atque
1570 1560 1818 1611 ornamentorr

123 1683 313 1746 Monacum
348 1692 452 1764 rapta
486 1692 586 1745 erant
602 1684 635 1762 2).
681 1682 840 1743 Tandem
870 1683 958 1744 haec
992 1701 1151 1764 quoque,
1187 1703 1266 1745 cum
1297 1682 1333 1744 in
1365 1695 1544 1747 conventu
1576 1686 1622 1746 de
1653 1704 1750 1765 pace
1786 1692 1818 1749 rt

122 1823 359 1885 Vindobonae
389 1822 512 1884 habito
540 1821 789 1904 Salisburgum
818 1820 949 1883 finibus
972 1822 1142 1884 Austriae
1173 1822 1388 1892 adiceretur,
1420 1842 1441 1884 a
1472 1823 1557 1906 iugo
1589 1826 1679 1886 duro
1711 1824 1818 1888 libere

123 1971 214 2026 sunt.
260 1961 376 2025 Etiam
408 1963 443 2024 in
466 1961 576 2023 Tiroli
603 1959 632 2021 F
635 1960 801 2023 iechtium
831 1971 867 2022 et
894 1959 998 2022 Mons
1021 1959 1157 2022 Mariae
1187 1981 1209 2022 a
1239 1960 1268 2022 F
1271 1961 1431 2023 rancisco
1463 1961 1678 2042 imperatore
1713 1969 1798 2026 1816

124 2103 302 2183 integrum
325 2102 491 2165 restituta
514 2113 605 2165 sunt.
651 2099 907 2162 Monasterium
931 2099 1075 2182 Augiae
1098 2099 1241 2161 maioris
1269 2100 1382 2161 solum
1410 2119 1590 2181 nunquam
1614 2103 1818 2166 resurrexit

250 2242 372 2322 Atque
403 2240 628 2302 Benedictini
659 2240 843 2322 Austriae,
871 2238 1018 2322 Stiriae,
1051 2238 1264 2321 Corinthiae,
1296 2259 1510 2320 quamquam
1541 2260 1611 2302 non
1643 2241 1694 2304 ita
1729 2242 1817 2305 adfli

121 2390 204 2443 sunt
227 2392 265 2443 ut
288 2380 417 2443 fratres
440 2377 644 2440 Tirolenses
667 2388 704 2440 et
727 2376 1032 2460 Salisburgenses,
1052 2387 1170 2440 tamen
1187 2377 1222 2439 in
1238 2378 1342 2439 bellis
1358 2377 1438 2459 illis,
1456 2378 1518 2439 ubi
1534 2376 1628 2440 Galli
1644 2390 1701 2441 ter
1720 2380 1758 2443 in
1777 2381 1818 2444 fir

119 2519 332 2582 Austriacos
355 2519 579 2599 inruperunt,
608 2537 678 2579 non
695 2497 819 2580 ¹solum
847 2537 1012 2600 magnam
1036 2518 1209 2580 iacturam
1232 2516 1410 2598 fecerunt,
1442 2527 1481 2579 ut
1511 2517 1651 2598 patriae
1677 2498 1816 2583 labora

119 2659 353 2722 subvenirent
365 2659 401 2738 ⁴),
426 2657 489 2718 sed
513 2656 621 2718 etiarn
644 2675 796 2739 magnae
818 2656 991 2738 pecuniae
1009 2657 1055 2717 ab
1070 2657 1173 2718 hoste
1190 2657 1346 2736 superbo
1370 2655 1413 2717 iis
1437 2655 1644 2737 imperatae,
1670 2676 1719 2719 ex
1737 2659 1816 2721 bibl

119 2798 233 2861 thecis
261 2795 461 2876 ceterisque
492 2795 762 2858 collectionibus
790 2814 847 2857 res
875 2794 1122 2875 pretiossimae
1150 2796 1293 2857 ablatae
1325 2803 1416 2857 sunt.
1464 2792 1799 2876 Circumspectione

119 2934 326 2997 fortitudine
350 2934 531 3013 abbatum,
555 2933 589 2994 in
615 2932 743 3013 quibus
767 2932 891 2995 Benno
915 2931 1090 3013 Scoticus,
1115 2932 1272 2994 Isidorus
1295 2933 1522 3016 Mellicensis,
1549 2933 1771 2998 Godhardus
1788 2939 1818 3000 A

119 3073 314 3136 montensis
338 3072 502 3153 eminent,
526 3072 661 3134 facturn
684 3081 748 3153 est,
772 3081 811 3133 ut
834 3072 923 3133 haec
946 3071 1071 3153 gravia
1094 3071 1242 3133 vulnera
1265 3071 1438 3153 paulatim
1461 3083 1678 3137 curarentur.

252 3213 411 3275 Tandem
450 3211 659 3292 Napoleone
695 3210 791 3273 victo
827 3210 934 3273 etiam
971 3210 1007 3272 in
1044 3221 1157 3273 terras
1193 3211 1403 3273 Austriacas
1442 3211 1594 3273 candida
1629 3233 1704 3294 pax
1741 3214 1818 3277 redi

120 3351 195 3414 Iam
218 3353 304 3414 ordo
328 3370 393 3433 pro
411 3350 546 3414 viribus
562 3370 707 3414 munere
724 3370 787 3413 suo
803 3350 906 3432 fungi
926 3350 1055 3432 coepit.
1087 3350 1221 3413 Verum
1237 3350 1344 3413 etiam
1362 3359 1436 3413 tum
1453 3350 1534 3412 illae
1550 3352 1652 3433 leges
1670 3353 1818 3435 vigebar

120 3489 248 3572 quibus
271 3490 420 3552 liberum
449 3511 528 3553 cum
556 3491 643 3553 sede
672 3488 870 3570 apostolica
898 3488 1146 3551 commercium
1174 3489 1446 3571 prohibebatur,
1478 3499 1514 3550 et
1547 3488 1766 3552 novitiorum
1797 3512 1817 3554 e

118 3629 238 3710 ceptio
254 3628 290 3692 in
306 3629 578 3713 magistratuum
595 3628 741 3691 arbitrio
757 3637 843 3709 erat,
867 3637 975 3709 atque
992 3646 1142 3690 censura
1158 3629 1203 3689 ad
1220 3646 1343 3689 omnes
1358 3627 1478 3707 libros,
1503 3626 1610 3689 etiam
1628 3628 1674 3688 ad
1696 3629 1818 3692 ordine

94 3780 96 3785 ’
117 3770 243 3832 missas
267 3768 471 3831 celebrandi
494 3777 531 3830 et
553 3769 660 3830 horas
683 3766 873 3829 canonicas
897 3766 1070 3829 recitandi
1093 3765 1307 3846 pertinebat,
1338 3750 1380 3828 et*
1402 3765 1593 3828 abbatibus
1623 3768 1668 3828 de
1699 3768 1818 3831 morib*

116 3908 292 3971 sodalium
315 3909 361 3969 ad
384 3907 616 3990 magistratus
638 3905 770 3968 referre
793 3905 1117 3986 praescribebatur.

247 4047 364 4110 Etiam
387 4057 462 4110 tum
492 4045 528 4107 in
556 4045 753 4126 disciplinis
784 4045 995 4128 theologicis
1025 4044 1085 4106 ille
1112 4043 1393 4124 rationalismus,
1423 4057 1461 4106 ut
1485 4045 1600 4126 aiunt,
1625 4045 1797 4129 florebat,

119 4187 272 4248 ecclesia
296 4185 472 4249 catholica
495 4184 531 4246 in
554 4184 785 4248 nationalium
809 4183 997 4246 ecclesiam
1022 4190 1239 4245 commutata
1263 4192 1339 4245 erat
1356 4184 1390 4262 5).

245 4324 312 4386 Hic
345 4323 537 4404 aliquando
569 4325 636 4386 sub
664 4322 813 4405 imperio
843 4322 1059 4385 Ferdinandi
1089 4323 1115 4386 l.
1148 4323 1403 4404 (1835-1848),
1435 4321 1491 4385 cui
1523 4322 1691 4386 clementi
1722 4345 1818 4388 nom<

116 4474 171 4526 est
193 4464 353 4545 inditum,
375 4462 453 4526 fieri
476 4465 522 4525 ad
546 4463 727 4526 meliorem
751 4482 852 4544 spem
876 4460 1056 4524 inclinatio
1081 4474 1135 4523 est
1152 4461 1239 4525 visa.
1271 4461 1338 4523 Hic
1363 4460 1607 4523 Benedictinis
1624 4460 1818 4526 Murensibr

246 4668 267 4747 ¹)
292 4671 397 4744 Egger
421 4669 439 4725 Ι.
464 4687 490 4725 c.
516 4668 567 4723 Ill.

245 4780 267 4859 ²)
291 4783 404 4848 Friess,
428 4780 555 4837 Studien
580 4781 597 4835 l.
622 4799 648 4835 c.
673 4779 709 4835 V.

243 4893 266 4972 3)
290 4893 476 4949 Geschichte
500 4911 560 4948 von
583 4893 690 4948 Fiecht
712 4891 771 4946 und
795 4890 918 4947 Staffler
941 4891 959 4947 l.
985 4909 1010 4946 c.

242 5003 265 5081 4)
289 5008 413 5061 Praeter
449 5023 573 5078 magnas
607 5006 750 5080 pecunias
781 5005 962 5058 monasteria
998 5017 1076 5074 1793
1110 5015 1140 5057 et
1177 4998 1257 5059 1810
1288 5005 1388 5057 omnia
1419 5019 1491 5056 vasa
1529 5000 1740 5056 ecclesiastica
1775 5021 1818 5056 aur

115 5129 279 5189 argentove
304 5117 442 5173 conlecta
466 5120 553 5173 etiam
579 5119 748 5173 ostensoria
772 5130 801 5171 et
825 5117 935 5171 calices
960 5134 1015 5190 pro
1040 5118 1119 5170 tenui
1145 5117 1391 5189 compensatione
1417 5111 1553 5168 conferre
1579 5115 1661 5167 iussa
1685 5129 1762 5169 sunt.

243 5228 265 5306 5)
298 5229 428 5295 Beidtel,
461 5230 731 5302 Untersuchungen
763 5227 837 5282 iiber
874 5228 921 5282 die
959 5227 1143 5281 kirchlichen
1175 5226 1325 5282 Zustzlnde
1365 5228 1392 5280 in
1431 5226 1636 5281 Oesterreich.
1684 5228 1818 5281 Francisc

116 5343 278 5414 imperante
303 5359 424 5415 quoque
449 5343 533 5416 leges
558 5342 594 5396 de
611 5341 769 5415 disciplina
787 5340 862 5394 latas
879 5358 947 5394 esse
964 5338 1066 5393 videre
1087 5340 1157 5395 licet
1173 5358 1209 5394 ex
1227 5339 1349 5394 decreto
1367 5357 1394 5393 a.
1412 5339 1439 5393 d.
1457 5338 1507 5393 VI.
1526 5337 1675 5392 Calendas
1693 5332 1818 5392 Ianuaria

119 5450 196 5508 1822
224 5453 426 5527 promulgato,
451 5472 512 5526 quo
537 5453 573 5507 (le
598 5451 698 5508 habitu
723 5453 836 5508 ordinis
862 5451 936 5506 soris
960 5451 1070 5506 utendo
1095 5465 1124 5506 et
1147 5453 1183 5513 de
1208 5453 1345 5507 clausura
1371 5464 1440 5506 cett.
1466 5448 1739 5524 praescribebatur.
