<?xml version="1.0" encoding="UTF-8"?>
<!DOCTYPE html PUBLIC "-//W3C//DTD XHTML 1.0 Transitional//EN"
    "http://www.w3.org/TR/xhtml1/DTD/xhtml1-transitional.dtd">
<html xmlns="http://www.w3.org/1999/xhtml" xml:lang="en" lang="en">
 <head>
  <title>
</title>
<meta http-equiv="Content-Type" content="text/html;charset=utf-8" />
  <meta name='ocr-system' content='tesseract 3.04.00' />
  <meta name='ocr-capabilities' content='ocr_page ocr_carea ocr_par ocr_line ocrx_word'/>
</head>
<body>
  <div class='ocr_page' id='page_1' title='image "./scriptoresordin00benegoog_0311.png"; bbox 0 0 4088 6270; ppageno 0'>
   <div class='ocr_carea' id='block_1_1' title="bbox 891 457 1175 542">
    <p class='ocr_par' dir='ltr' id='par_1_1' title="bbox 891 457 1175 542">
     <span class='ocr_line' id='line_1_1' title="bbox 891 457 1175 542; baseline 0 -36"><span class='ocrx_word' id='word_1_1' title='bbox 891 457 1175 542; x_wconf 77' lang='lat'>-173-</span> 
     </span>
    </p>
   </div>
   <div class='ocr_carea' id='block_1_2' title="bbox 157 657 990 984">
    <p class='ocr_par' dir='ltr' id='par_1_2' title="bbox 157 657 990 984">
     <span class='ocr_line' id='line_1_2' title="bbox 157 657 990 745; baseline -0.004 -21"><span class='ocrx_word' id='word_1_2' title='bbox 157 659 322 745; x_wconf 85' lang='lat' dir='ltr'>genitrici</span> <span class='ocrx_word' id='word_1_3' title='bbox 352 657 507 741; x_wconf 87' lang='lat' dir='ltr'>Mariae,</span> <span class='ocrx_word' id='word_1_4' title='bbox 539 678 585 721; x_wconf 91' lang='lat' dir='ltr'>ss.</span> <span class='ocrx_word' id='word_1_5' title='bbox 613 658 785 741; x_wconf 89' lang='lat' dir='ltr'>apostolis</span> <span class='ocrx_word' id='word_1_6' title='bbox 812 659 923 722; x_wconf 92' lang='lat' dir='ltr'>Petro</span> <span class='ocrx_word' id='word_1_7' title='bbox 954 669 990 722; x_wconf 92' lang='lat' dir='ltr'>et</span> 
     </span>
     <span class='ocr_line' id='line_1_3' title="bbox 158 779 989 864; baseline -0.005 -17"><span class='ocrx_word' id='word_1_8' title='bbox 158 784 270 847; x_wconf 89' lang='lat' dir='ltr'>Paulo</span> <span class='ocrx_word' id='word_1_9' title='bbox 285 792 395 864; x_wconf 90' lang='lat' dir='ltr'>atque</span> <span class='ocrx_word' id='word_1_10' title='bbox 410 782 518 844; x_wconf 89' lang='lat' dir='ltr'>beato</span> <span class='ocrx_word' id='word_1_11' title='bbox 531 779 630 843; x_wconf 89' lang='lat' dir='ltr'>Patri</span> <span class='ocrx_word' id='word_1_12' title='bbox 645 787 767 843; x_wconf 92' lang='lat' dir='ltr'>nostro</span> <span class='ocrx_word' id='word_1_13' title='bbox 780 779 989 862; x_wconf 89' lang='lat' dir='ltr'>Benedicto,</span> 
     </span>
     <span class='ocr_line' id='line_1_4' title="bbox 158 900 990 984; baseline -0.004 -16"><span class='ocrx_word' id='word_1_14' title='bbox 158 914 233 968; x_wconf 92' lang='lat' dir='ltr'>tum</span> <span class='ocrx_word' id='word_1_15' title='bbox 245 923 318 968; x_wconf 90' lang='lat' dir='ltr'>rev.</span> <span class='ocrx_word' id='word_1_16' title='bbox 332 905 424 967; x_wconf 93' lang='lat' dir='ltr'>dom.</span> <span class='ocrx_word' id='word_1_17' title='bbox 438 902 609 969; x_wconf 88' lang='lat' dir='ltr'>Othmaro</span> <span class='ocrx_word' id='word_1_18' title='bbox 622 900 746 965; x_wconf 88' lang='lat' dir='ltr'>abbati</span> <span class='ocrx_word' id='word_1_19' title='bbox 761 921 840 964; x_wconf 92' lang='lat' dir='ltr'>meo</span> <span class='ocrx_word' id='word_1_20' title='bbox 852 901 990 984; x_wconf 92' lang='lat' dir='ltr'>totique</span> 
     </span>
    </p>
   </div>
   <div class='ocr_carea' id='block_1_3' title="bbox 159 1020 1023 1109">
    <p class='ocr_par' dir='ltr' id='par_1_3' title="bbox 159 1020 1023 1109">
     <span class='ocr_line' id='line_1_5' title="bbox 159 1020 1023 1109; baseline -0.007 -18"><span class='ocrx_word' id='word_1_21' title='bbox 159 1027 326 1109; x_wconf 91' lang='lat' dir='ltr'>capitulo,</span> <span class='ocrx_word' id='word_1_22' title='bbox 348 1027 443 1108; x_wconf 93' lang='lat' dir='ltr'>quod</span> <span class='ocrx_word' id='word_1_23' title='bbox 460 1023 675 1088; x_wconf 90' lang='lat' dir='ltr'>constitutus</span> <span class='ocrx_word' id='word_1_24' title='bbox 690 1022 726 1086; x_wconf 90' lang='lat' dir='ltr'>in</span> <span class='ocrx_word' id='word_1_25' title='bbox 743 1020 861 1086; x_wconf 89' lang='lat' dir='ltr'>officio</span> <span class='ocrx_word' id='word_1_26' title='bbox 878 1023 990 1086; x_wconf 89' lang='lat' dir='ltr'>archi·</span> <span class='ocrx_word' id='word_1_27' title='bbox 1019 1099 1023 1105; x_wconf 91' lang='lat'>.</span> 
     </span>
    </p>
   </div>
   <div class='ocr_carea' id='block_1_4' title="bbox 149 1145 997 5374">
    <p class='ocr_par' dir='ltr' id='par_1_4' title="bbox 149 1145 997 5374">
     <span class='ocr_line' id='line_1_6' title="bbox 159 1145 990 1230; baseline -0.005 -19"><span class='ocrx_word' id='word_1_28' title='bbox 159 1147 248 1211; x_wconf 91' lang='lat' dir='ltr'>varii</span> <span class='ocrx_word' id='word_1_29' title='bbox 264 1147 382 1211; x_wconf 88' lang='lat' dir='ltr'>omnia</span> <span class='ocrx_word' id='word_1_30' title='bbox 399 1156 435 1211; x_wconf 94' lang='lat' dir='ltr'>et</span> <span class='ocrx_word' id='word_1_31' title='bbox 451 1146 592 1230; x_wconf 88' lang='lat' dir='ltr'>singula</span> <span class='ocrx_word' id='word_1_32' title='bbox 602 1147 638 1209; x_wconf 92' lang='lat' dir='ltr'>in</span> <span class='ocrx_word' id='word_1_33' title='bbox 651 1145 795 1209; x_wconf 87' lang='lat' dir='ltr'>archivo</span> <span class='ocrx_word' id='word_1_34' title='bbox 812 1155 990 1227; x_wconf 88' lang='lat' dir='ltr'>contenta,</span> 
     </span>
     <span class='ocr_line' id='line_1_7' title="bbox 159 1265 991 1352; baseline -0.006 -18"><span class='ocrx_word' id='word_1_35' title='bbox 159 1271 236 1334; x_wconf 89' lang='lat' dir='ltr'>sive</span> <span class='ocrx_word' id='word_1_36' title='bbox 256 1269 390 1352; x_wconf 88' lang='lat' dir='ltr'>scripta</span> <span class='ocrx_word' id='word_1_37' title='bbox 410 1268 491 1350; x_wconf 90' lang='lat' dir='ltr'>sint,</span> <span class='ocrx_word' id='word_1_38' title='bbox 512 1267 589 1330; x_wconf 88' lang='lat' dir='ltr'>sive</span> <span class='ocrx_word' id='word_1_39' title='bbox 611 1285 668 1330; x_wconf 92' lang='lat' dir='ltr'>res</span> <span class='ocrx_word' id='word_1_40' title='bbox 691 1265 782 1329; x_wconf 88' lang='lat' dir='ltr'>aliae</span> <span class='ocrx_word' id='word_1_41' title='bbox 806 1266 991 1330; x_wconf 90' lang='lat' dir='ltr'>cuiuscun-</span> 
     </span>
     <span class='ocr_line' id='line_1_8' title="bbox 160 1386 992 1474; baseline -0.005 -20"><span class='ocrx_word' id='word_1_42' title='bbox 160 1410 229 1474; x_wconf 91' lang='lat' dir='ltr'>que</span> <span class='ocrx_word' id='word_1_43' title='bbox 245 1390 379 1473; x_wconf 87' lang='lat' dir='ltr'>speciei</span> <span class='ocrx_word' id='word_1_44' title='bbox 391 1398 428 1452; x_wconf 88' lang='lat' dir='ltr'>et</span> <span class='ocrx_word' id='word_1_45' title='bbox 439 1387 618 1470; x_wconf 88' lang='lat' dir='ltr'>momenti,</span> <span class='ocrx_word' id='word_1_46' title='bbox 630 1386 837 1451; x_wconf 90' lang='lat' dir='ltr'>fidelissime</span> <span class='ocrx_word' id='word_1_47' title='bbox 850 1407 992 1451; x_wconf 88' lang='lat' dir='ltr'>conser-</span> 
     </span>
     <span class='ocr_line' id='line_1_9' title="bbox 159 1510 991 1594; baseline -0.002 -19"><span class='ocrx_word' id='word_1_48' title='bbox 159 1531 246 1576; x_wconf 88' lang='lat' dir='ltr'>vare</span> <span class='ocrx_word' id='word_1_49' title='bbox 266 1512 383 1594; x_wconf 89' lang='lat' dir='ltr'>velim,</span> <span class='ocrx_word' id='word_1_50' title='bbox 404 1511 490 1574; x_wconf 91' lang='lat' dir='ltr'>nihil</span> <span class='ocrx_word' id='word_1_51' title='bbox 505 1510 612 1574; x_wconf 92' lang='lat' dir='ltr'>etiam</span> <span class='ocrx_word' id='word_1_52' title='bbox 627 1511 823 1594; x_wconf 36' lang='lat' dir='ltr'>&#39;extradere</span> <span class='ocrx_word' id='word_1_53' title='bbox 844 1519 906 1573; x_wconf 92' lang='lat' dir='ltr'>aut</span> <span class='ocrx_word' id='word_1_54' title='bbox 930 1529 991 1573; x_wconf 85' lang='lat' dir='ltr'>ex·</span> 
     </span>
     <span class='ocr_line' id='line_1_10' title="bbox 160 1632 993 1715; baseline -0.004 -17"><span class='ocrx_word' id='word_1_55' title='bbox 160 1644 322 1715; x_wconf 89' lang='lat' dir='ltr'>tenuare,</span> <span class='ocrx_word' id='word_1_56' title='bbox 355 1635 539 1696; x_wconf 90' lang='lat' dir='ltr'>destruere</span> <span class='ocrx_word' id='word_1_57' title='bbox 570 1641 633 1695; x_wconf 92' lang='lat' dir='ltr'>aut</span> <span class='ocrx_word' id='word_1_58' title='bbox 662 1632 875 1715; x_wconf 80' lang='lat' dir='ltr'>abalienare,</span> <span class='ocrx_word' id='word_1_59' title='bbox 905 1633 993 1695; x_wconf 91' lang='lat' dir='ltr'>nulli</span> 
     </span>
     <span class='ocr_line' id='line_1_11' title="bbox 160 1753 992 1840; baseline -0.002 -20"><span class='ocrx_word' id='word_1_60' title='bbox 160 1757 355 1840; x_wconf 87' lang='lat' dir='ltr'>quidquam</span> <span class='ocrx_word' id='word_1_61' title='bbox 386 1755 462 1818; x_wconf 88' lang='lat' dir='ltr'>sine</span> <span class='ocrx_word' id='word_1_62' title='bbox 494 1773 668 1838; x_wconf 87' lang='lat' dir='ltr'>expressa</span> <span class='ocrx_word' id='word_1_63' title='bbox 698 1753 893 1836; x_wconf 89' lang='lat' dir='ltr'>superioris</span> <span class='ocrx_word' id='word_1_64' title='bbox 923 1755 992 1818; x_wconf 89' lang='lat' dir='ltr'>mei</span> 
     </span>
     <span class='ocr_line' id='line_1_12' title="bbox 160 1876 992 1959; baseline -0.002 -18"><span class='ocrx_word' id='word_1_65' title='bbox 160 1877 305 1942; x_wconf 89' lang='lat' dir='ltr'>licentia</span> <span class='ocrx_word' id='word_1_66' title='bbox 325 1876 594 1959; x_wconf 88' lang='lat' dir='ltr'>communicare,</span> <span class='ocrx_word' id='word_1_67' title='bbox 616 1876 730 1939; x_wconf 90' lang='lat' dir='ltr'>minus</span> <span class='ocrx_word' id='word_1_68' title='bbox 746 1876 918 1959; x_wconf 89' lang='lat' dir='ltr'>aliquare</span> <span class='ocrx_word' id='word_1_69' title='bbox 935 1878 992 1940; x_wconf 90' lang='lat' dir='ltr'>vel</span> 
     </span>
     <span class='ocr_line' id='line_1_13' title="bbox 161 1997 992 2083; baseline -0.004 -19"><span class='ocrx_word' id='word_1_70' title='bbox 161 1999 295 2083; x_wconf 90' lang='lat' dir='ltr'>scripto</span> <span class='ocrx_word' id='word_1_71' title='bbox 325 1998 361 2061; x_wconf 91' lang='lat' dir='ltr'>in</span> <span class='ocrx_word' id='word_1_72' title='bbox 392 1997 649 2080; x_wconf 89' lang='lat' dir='ltr'>praeiudicium</span> <span class='ocrx_word' id='word_1_73' title='bbox 679 1998 756 2062; x_wconf 89' lang='lat' dir='ltr'>sive</span> <span class='ocrx_word' id='word_1_74' title='bbox 787 1998 992 2062; x_wconf 89' lang='lat' dir='ltr'>monasterii</span> 
     </span>
     <span class='ocr_line' id='line_1_14' title="bbox 161 2120 992 2205; baseline -0.005 -19"><span class='ocrx_word' id='word_1_75' title='bbox 161 2123 237 2186; x_wconf 92' lang='lat' dir='ltr'>sive</span> <span class='ocrx_word' id='word_1_76' title='bbox 253 2121 405 2205; x_wconf 89' lang='lat' dir='ltr'>praelati</span> <span class='ocrx_word' id='word_1_77' title='bbox 421 2121 497 2184; x_wconf 87' lang='lat' dir='ltr'>sive</span> <span class='ocrx_word' id='word_1_78' title='bbox 514 2120 756 2202; x_wconf 91' lang='lat' dir='ltr'>cuiuscunque</span> <span class='ocrx_word' id='word_1_79' title='bbox 776 2121 921 2184; x_wconf 88' lang='lat' dir='ltr'>alterius</span> <span class='ocrx_word' id='word_1_80' title='bbox 941 2120 992 2184; x_wconf 92' lang='lat' dir='ltr'>uti</span> 
     </span>
     <span class='ocr_line' id='line_1_15' title="bbox 149 2240 993 2339; baseline -0.004 -30"><span class='ocrx_word' id='word_1_81' title='bbox 149 2254 224 2339; x_wconf 20' lang='lat' dir='ltr'>*aut</span> <span class='ocrx_word' id='word_1_82' title='bbox 239 2243 341 2306; x_wconf 89' lang='lat' dir='ltr'>alteri</span> <span class='ocrx_word' id='word_1_83' title='bbox 357 2243 526 2325; x_wconf 89' lang='lat' dir='ltr'>pandere.</span> <span class='ocrx_word' id='word_1_84' title='bbox 551 2240 625 2307; x_wconf 89' lang='lat' dir='ltr'>Sed</span> <span class='ocrx_word' id='word_1_85' title='bbox 644 2251 684 2305; x_wconf 93' lang='lat' dir='ltr'>ut</span> <span class='ocrx_word' id='word_1_86' title='bbox 704 2242 823 2306; x_wconf 91' lang='lat' dir='ltr'>omnia</span> <span class='ocrx_word' id='word_1_87' title='bbox 842 2243 878 2305; x_wconf 90' lang='lat' dir='ltr'>in</span> <span class='ocrx_word' id='word_1_88' title='bbox 901 2242 993 2324; x_wconf 90' lang='lat' dir='ltr'>opti·</span> 
     </span>
     <span class='ocr_line' id='line_1_16' title="bbox 161 2365 992 2447; baseline -0.004 -17"><span class='ocrx_word' id='word_1_89' title='bbox 161 2386 218 2430; x_wconf 91' lang='lat' dir='ltr'>mo</span> <span class='ocrx_word' id='word_1_90' title='bbox 245 2384 310 2428; x_wconf 89' lang='lat' dir='ltr'>suo</span> <span class='ocrx_word' id='word_1_91' title='bbox 337 2373 433 2429; x_wconf 90' lang='lat' dir='ltr'>statu</span> <span class='ocrx_word' id='word_1_92' title='bbox 460 2373 730 2446; x_wconf 87' lang='lat' dir='ltr'>conserventur,</span> <span class='ocrx_word' id='word_1_93' title='bbox 750 2365 912 2447; x_wconf 89' lang='lat' dir='ltr'>impense</span> <span class='ocrx_word' id='word_1_94' title='bbox 931 2366 992 2427; x_wconf 88' lang='lat' dir='ltr'>ad·</span> 
     </span>
     <span class='ocr_line' id='line_1_17' title="bbox 161 2486 992 2551; baseline -0.002 0"><span class='ocrx_word' id='word_1_95' title='bbox 161 2488 343 2551; x_wconf 74' lang='lat' dir='ltr'>laborabo,</span> <span class='ocrx_word' id='word_1_96' title='bbox 367 2486 451 2549; x_wconf 87' lang='lat' dir='ltr'>Non</span> <span class='ocrx_word' id='word_1_97' title='bbox 475 2505 536 2548; x_wconf 91' lang='lat' dir='ltr'>ero</span> <span class='ocrx_word' id='word_1_98' title='bbox 559 2486 594 2549; x_wconf 89' lang='lat' dir='ltr'>in</span> <span class='ocrx_word' id='word_1_99' title='bbox 618 2487 765 2550; x_wconf 91' lang='lat' dir='ltr'>consilio</span> <span class='ocrx_word' id='word_1_100' title='bbox 792 2507 839 2550; x_wconf 86' lang='lat' dir='ltr'>ex</span> <span class='ocrx_word' id='word_1_101' title='bbox 866 2486 992 2550; x_wconf 89' lang='lat' dir='ltr'>notitia</span> 
     </span>
     <span class='ocr_line' id='line_1_18' title="bbox 162 2608 992 2692; baseline -0.001 -19"><span class='ocrx_word' id='word_1_102' title='bbox 162 2627 374 2692; x_wconf 89' lang='lat' dir='ltr'>quacunque</span> <span class='ocrx_word' id='word_1_103' title='bbox 390 2608 534 2690; x_wconf 84' lang='lat' dir='ltr'>archivi,</span> <span class='ocrx_word' id='word_1_104' title='bbox 556 2610 651 2690; x_wconf 94' lang='lat' dir='ltr'>quod</span> <span class='ocrx_word' id='word_1_105' title='bbox 668 2619 764 2671; x_wconf 92' lang='lat' dir='ltr'>esset</span> <span class='ocrx_word' id='word_1_106' title='bbox 780 2618 903 2672; x_wconf 94' lang='lat' dir='ltr'>contra</span> <span class='ocrx_word' id='word_1_107' title='bbox 919 2629 992 2672; x_wconf 91' lang='lat' dir='ltr'>mo-</span> 
     </span>
     <span class='ocr_line' id='line_1_19' title="bbox 161 2731 992 2813; baseline -0.002 -18"><span class='ocrx_word' id='word_1_108' title='bbox 161 2731 372 2813; x_wconf 89' lang='lat' dir='ltr'>nasterium,</span> <span class='ocrx_word' id='word_1_109' title='bbox 400 2740 524 2795; x_wconf 90' lang='lat' dir='ltr'>contra</span> <span class='ocrx_word' id='word_1_110' title='bbox 547 2731 766 2813; x_wconf 87' lang='lat' dir='ltr'>superiorem</span> <span class='ocrx_word' id='word_1_111' title='bbox 789 2751 907 2794; x_wconf 90' lang='lat' dir='ltr'>meum</span> <span class='ocrx_word' id='word_1_112' title='bbox 930 2741 992 2793; x_wconf 94' lang='lat' dir='ltr'>aut</span> 
     </span>
     <span class='ocr_line' id='line_1_20' title="bbox 162 2850 992 2934; baseline -0.004 -17"><span class='ocrx_word' id='word_1_113' title='bbox 162 2861 286 2917; x_wconf 92' lang='lat' dir='ltr'>contra</span> <span class='ocrx_word' id='word_1_114' title='bbox 316 2850 529 2915; x_wconf 87' lang='lat' dir='ltr'>confratrem</span> <span class='ocrx_word' id='word_1_115' title='bbox 560 2870 816 2934; x_wconf 90' lang='lat' dir='ltr'>quemcunque.</span> <span class='ocrx_word' id='word_1_116' title='bbox 849 2850 909 2917; x_wconf 89' lang='lat' dir='ltr'>Sic</span> <span class='ocrx_word' id='word_1_117' title='bbox 936 2871 992 2915; x_wconf 88' lang='lat' dir='ltr'>me</span> 
     </span>
     <span class='ocr_line' id='line_1_21' title="bbox 161 2973 992 3057; baseline 0.001 -21"><span class='ocrx_word' id='word_1_118' title='bbox 161 2974 262 3036; x_wconf 89' lang='lat' dir='ltr'>Deus</span> <span class='ocrx_word' id='word_1_119' title='bbox 276 2973 423 3037; x_wconf 89' lang='lat' dir='ltr'>adiuvet</span> <span class='ocrx_word' id='word_1_120' title='bbox 443 2983 480 3035; x_wconf 91' lang='lat' dir='ltr'>et</span> <span class='ocrx_word' id='word_1_121' title='bbox 500 2973 589 3036; x_wconf 87' lang='lat' dir='ltr'>haec</span> <span class='ocrx_word' id='word_1_122' title='bbox 609 2983 734 3037; x_wconf 88' lang='lat' dir='ltr'>sancta</span> <span class='ocrx_word' id='word_1_123' title='bbox 749 2974 817 3037; x_wconf 89' lang='lat' dir='ltr'>Dei</span> <span class='ocrx_word' id='word_1_124' title='bbox 838 2993 992 3057; x_wconf 87' lang='lat' dir='ltr'>evange·</span> 
     </span>
     <span class='ocr_line' id='line_1_22' title="bbox 161 3094 992 3178; baseline 0.001 -20"><span class='ocrx_word' id='word_1_125' title='bbox 161 3094 240 3158; x_wconf 83' lang='lat' dir='ltr'>lia.“</span> <span class='ocrx_word' id='word_1_126' title='bbox 257 3095 372 3158; x_wconf 87' lang='lat' dir='ltr'>—Ex</span> <span class='ocrx_word' id='word_1_127' title='bbox 393 3094 493 3158; x_wconf 91' lang='lat' dir='ltr'>cuius</span> <span class='ocrx_word' id='word_1_128' title='bbox 513 3095 700 3158; x_wconf 87' lang='lat' dir='ltr'>iuramenti</span> <span class='ocrx_word' id='word_1_129' title='bbox 723 3104 846 3159; x_wconf 87' lang='lat' dir='ltr'>tenore</span> <span class='ocrx_word' id='word_1_130' title='bbox 870 3095 992 3178; x_wconf 89' lang='lat' dir='ltr'>liquet,</span> 
     </span>
     <span class='ocr_line' id='line_1_23' title="bbox 161 3217 992 3282; baseline -0.001 -1"><span class='ocrx_word' id='word_1_131' title='bbox 161 3217 317 3282; x_wconf 80' lang='lat' dir='ltr'>officium</span> <span class='ocrx_word' id='word_1_132' title='bbox 334 3217 383 3280; x_wconf 92' lang='lat' dir='ltr'>illi</span> <span class='ocrx_word' id='word_1_133' title='bbox 398 3217 623 3281; x_wconf 90' lang='lat' dir='ltr'>commissum</span> <span class='ocrx_word' id='word_1_134' title='bbox 644 3217 719 3281; x_wconf 92' lang='lat' dir='ltr'>iure</span> <span class='ocrx_word' id='word_1_135' title='bbox 739 3218 866 3282; x_wconf 92' lang='lat' dir='ltr'>summi</span> <span class='ocrx_word' id='word_1_136' title='bbox 885 3219 992 3282; x_wconf 89' lang='lat' dir='ltr'>aesti-</span> 
     </span>
     <span class='ocr_line' id='line_1_24' title="bbox 161 3340 993 3421; baseline -0.001 -17"><span class='ocrx_word' id='word_1_137' title='bbox 161 3351 295 3405; x_wconf 90' lang='lat' dir='ltr'>matum</span> <span class='ocrx_word' id='word_1_138' title='bbox 312 3359 402 3421; x_wconf 88' lang='lat' dir='ltr'>esse,</span> <span class='ocrx_word' id='word_1_139' title='bbox 415 3341 518 3403; x_wconf 91' lang='lat' dir='ltr'>sicuti</span> <span class='ocrx_word' id='word_1_140' title='bbox 532 3340 730 3404; x_wconf 85' lang='lat' dir='ltr'>dexteritas</span> <span class='ocrx_word' id='word_1_141' title='bbox 743 3340 879 3404; x_wconf 90' lang='lat' dir='ltr'>Placidi</span> <span class='ocrx_word' id='word_1_142' title='bbox 891 3340 927 3403; x_wconf 89' lang='lat' dir='ltr'>in</span> <span class='ocrx_word' id='word_1_143' title='bbox 939 3359 993 3403; x_wconf 90' lang='lat' dir='ltr'>re-</span> 
     </span>
     <span class='ocr_line' id='line_1_25' title="bbox 161 3462 995 3546; baseline 0.001 -21"><span class='ocrx_word' id='word_1_144' title='bbox 161 3465 230 3526; x_wconf 89' lang='lat' dir='ltr'>bus</span> <span class='ocrx_word' id='word_1_145' title='bbox 239 3463 346 3526; x_wconf 90' lang='lat' dir='ltr'>etiam</span> <span class='ocrx_word' id='word_1_146' title='bbox 355 3462 458 3526; x_wconf 92' lang='lat' dir='ltr'>huius</span> <span class='ocrx_word' id='word_1_147' title='bbox 466 3463 609 3546; x_wconf 90' lang='lat' dir='ltr'>generis</span> <span class='ocrx_word' id='word_1_148' title='bbox 617 3463 767 3546; x_wconf 89' lang='lat' dir='ltr'>agendis</span> <span class='ocrx_word' id='word_1_149' title='bbox 776 3463 854 3526; x_wconf 92' lang='lat' dir='ltr'>luce</span> <span class='ocrx_word' id='word_1_150' title='bbox 868 3462 995 3526; x_wconf 88' lang='lat' dir='ltr'>clarior</span> 
     </span>
     <span class='ocr_line' id='line_1_26' title="bbox 163 3584 995 3687; baseline 0 -39"><span class='ocrx_word' id='word_1_151' title='bbox 163 3585 293 3687; x_wconf 71' lang='lat' dir='ltr'>evadit.</span> <span class='ocrx_word' id='word_1_152' title='bbox 317 3585 405 3648; x_wconf 90' lang='lat' dir='ltr'>Post</span> <span class='ocrx_word' id='word_1_153' title='bbox 425 3584 726 3648; x_wconf 88' lang='lat' dir='ltr'>consecrationem</span> <span class='ocrx_word' id='word_1_154' title='bbox 743 3585 916 3648; x_wconf 89' lang='lat' dir='ltr'>ecclesiae</span> <span class='ocrx_word' id='word_1_155' title='bbox 932 3605 995 3667; x_wconf 91' lang='lat' dir='ltr'>pa·</span> 
     </span>
     <span class='ocr_line' id='line_1_27' title="bbox 163 3705 994 3789; baseline -0.002 -19"><span class='ocrx_word' id='word_1_156' title='bbox 163 3707 327 3770; x_wconf 90' lang='lat' dir='ltr'>rochialis</span> <span class='ocrx_word' id='word_1_157' title='bbox 339 3705 614 3789; x_wconf 88' lang='lat' dir='ltr'>Raigradiensis</span> <span class='ocrx_word' id='word_1_158' title='bbox 627 3726 719 3768; x_wconf 88' lang='lat' dir='ltr'>anno</span> <span class='ocrx_word' id='word_1_159' title='bbox 737 3725 818 3786; x_wconf 85' lang='lat'>1770</span> <span class='ocrx_word' id='word_1_160' title='bbox 830 3707 870 3769; x_wconf 90' lang='lat' dir='ltr'>P.</span> <span class='ocrx_word' id='word_1_161' title='bbox 883 3705 994 3768; x_wconf 90' lang='lat' dir='ltr'>Wen-</span> 
     </span>
     <span class='ocr_line' id='line_1_28' title="bbox 164 3826 994 3910; baseline -0.004 -18"><span class='ocrx_word' id='word_1_162' title='bbox 164 3829 303 3892; x_wconf 89' lang='lat' dir='ltr'>ceslaus</span> <span class='ocrx_word' id='word_1_163' title='bbox 333 3827 498 3890; x_wconf 88' lang='lat' dir='ltr'>Winkler</span> <span class='ocrx_word' id='word_1_164' title='bbox 533 3826 814 3910; x_wconf 87' lang='lat' dir='ltr'>administrator,</span> <span class='ocrx_word' id='word_1_165' title='bbox 851 3838 994 3891; x_wconf 88' lang='lat' dir='ltr'>curatus</span> 
     </span>
     <span class='ocr_line' id='line_1_29' title="bbox 163 3949 994 4032; baseline -0.001 -19"><span class='ocrx_word' id='word_1_166' title='bbox 163 3950 242 4032; x_wconf 92' lang='lat' dir='ltr'>loci,</span> <span class='ocrx_word' id='word_1_167' title='bbox 266 3968 393 4013; x_wconf 89' lang='lat' dir='ltr'>munus</span> <span class='ocrx_word' id='word_1_168' title='bbox 414 3949 595 4012; x_wconf 90' lang='lat' dir='ltr'>abdicavit</span> <span class='ocrx_word' id='word_1_169' title='bbox 617 3958 653 4012; x_wconf 88' lang='lat' dir='ltr'>et</span> <span class='ocrx_word' id='word_1_170' title='bbox 668 3949 835 4012; x_wconf 88' lang='lat' dir='ltr'>Placidus</span> <span class='ocrx_word' id='word_1_171' title='bbox 859 3950 895 4013; x_wconf 91' lang='lat' dir='ltr'>in</span> <span class='ocrx_word' id='word_1_172' title='bbox 918 3950 994 4013; x_wconf 89' lang='lat' dir='ltr'>eius</span> 
     </span>
     <span class='ocr_line' id='line_1_30' title="bbox 163 4071 995 4154; baseline 0.001 -19"><span class='ocrx_word' id='word_1_173' title='bbox 163 4074 280 4137; x_wconf 91' lang='lat' dir='ltr'>locum</span> <span class='ocrx_word' id='word_1_174' title='bbox 311 4074 527 4154; x_wconf 89' lang='lat' dir='ltr'>subrogatur</span> <span class='ocrx_word' id='word_1_175' title='bbox 557 4071 594 4134; x_wconf 92' lang='lat' dir='ltr'>vi</span> <span class='ocrx_word' id='word_1_176' title='bbox 624 4073 759 4135; x_wconf 90' lang='lat' dir='ltr'>decreti</span> <span class='ocrx_word' id='word_1_177' title='bbox 795 4073 995 4136; x_wconf 90' lang='lat' dir='ltr'>consistorii</span> 
     </span>
     <span class='ocr_line' id='line_1_31' title="bbox 165 4193 995 4276; baseline -0.002 -18"><span class='ocrx_word' id='word_1_178' title='bbox 165 4194 411 4259; x_wconf 92' lang='lat' dir='ltr'>Olomucensis</span> <span class='ocrx_word' id='word_1_179' title='bbox 439 4195 484 4258; x_wconf 93' lang='lat' dir='ltr'>de</span> <span class='ocrx_word' id='word_1_180' title='bbox 512 4195 597 4257; x_wconf 93' lang='lat' dir='ltr'>dato</span> <span class='ocrx_word' id='word_1_181' title='bbox 628 4198 658 4258; x_wconf 88' lang='lat'>8.</span> <span class='ocrx_word' id='word_1_182' title='bbox 685 4193 714 4256; x_wconf 89' lang='lat' dir='ltr'>F</span> <span class='ocrx_word' id='word_1_183' title='bbox 717 4195 800 4276; x_wconf 74' lang='lat' dir='ltr'>ebr,</span> <span class='ocrx_word' id='word_1_184' title='bbox 831 4195 915 4258; x_wconf 93' lang='lat' dir='ltr'>licet</span> <span class='ocrx_word' id='word_1_185' title='bbox 941 4195 995 4257; x_wconf 91' lang='lat' dir='ltr'>his</span> 
     </span>
     <span class='ocr_line' id='line_1_32' title="bbox 165 4315 995 4399; baseline -0.001 -19"><span class='ocrx_word' id='word_1_186' title='bbox 165 4316 292 4380; x_wconf 92' lang='lat' dir='ltr'>diebus</span> <span class='ocrx_word' id='word_1_187' title='bbox 300 4316 505 4378; x_wconf 90' lang='lat' dir='ltr'>acutissima</span> <span class='ocrx_word' id='word_1_188' title='bbox 517 4316 687 4379; x_wconf 91' lang='lat' dir='ltr'>laborarit</span> <span class='ocrx_word' id='word_1_189' title='bbox 699 4317 874 4399; x_wconf 87' lang='lat' dir='ltr'>podagra.</span> <span class='ocrx_word' id='word_1_190' title='bbox 887 4315 995 4398; x_wconf 86' lang='lat' dir='ltr'>Quin-</span> 
     </span>
     <span class='ocr_line' id='line_1_33' title="bbox 166 4436 996 4520; baseline -0.001 -20"><span class='ocrx_word' id='word_1_191' title='bbox 166 4436 321 4520; x_wconf 89' lang='lat' dir='ltr'>quennio</span> <span class='ocrx_word' id='word_1_192' title='bbox 349 4447 432 4519; x_wconf 93' lang='lat' dir='ltr'>post</span> <span class='ocrx_word' id='word_1_193' title='bbox 461 4439 507 4500; x_wconf 92' lang='lat' dir='ltr'>ad</span> <span class='ocrx_word' id='word_1_194' title='bbox 537 4436 667 4500; x_wconf 84' lang='lat' dir='ltr'>festum</span> <span class='ocrx_word' id='word_1_195' title='bbox 694 4439 860 4519; x_wconf 89' lang='lat' dir='ltr'>ponendo</span> <span class='ocrx_word' id='word_1_196' title='bbox 886 4437 996 4520; x_wconf 88' lang='lat' dir='ltr'>lapidi</span> 
     </span>
     <span class='ocr_line' id='line_1_34' title="bbox 165 4558 997 4642; baseline 0.002 -22"><span class='ocrx_word' id='word_1_197' title='bbox 165 4558 422 4621; x_wconf 87' lang='lat' dir='ltr'>fundamentali</span> <span class='ocrx_word' id='word_1_198' title='bbox 442 4559 615 4622; x_wconf 90' lang='lat' dir='ltr'>ecclesiae</span> <span class='ocrx_word' id='word_1_199' title='bbox 631 4558 879 4642; x_wconf 90' lang='lat' dir='ltr'>Syrovicensis</span> <span class='ocrx_word' id='word_1_200' title='bbox 894 4578 997 4642; x_wconf 88' lang='lat' dir='ltr'>prae-</span> 
     </span>
     <span class='ocr_line' id='line_1_35' title="bbox 165 4678 997 4763; baseline 0.002 -21"><span class='ocrx_word' id='word_1_201' title='bbox 165 4699 249 4743; x_wconf 84' lang='lat' dir='ltr'>sens</span> <span class='ocrx_word' id='word_1_202' title='bbox 268 4678 384 4743; x_wconf 86' lang='lat' dir='ltr'>adfuit</span> <span class='ocrx_word' id='word_1_203' title='bbox 409 4681 473 4761; x_wconf 85' lang='lat'>(12.</span> <span class='ocrx_word' id='word_1_204' title='bbox 497 4680 572 4745; x_wconf 89' lang='lat' dir='ltr'>Iun.</span> <span class='ocrx_word' id='word_1_205' title='bbox 602 4683 710 4763; x_wconf 86' lang='lat'>1775);</span> <span class='ocrx_word' id='word_1_206' title='bbox 734 4683 780 4744; x_wconf 94' lang='lat' dir='ltr'>ad</span> <span class='ocrx_word' id='word_1_207' title='bbox 804 4683 997 4745; x_wconf 86' lang='lat' dir='ltr'>curandam</span> 
     </span>
     <span class='ocr_line' id='line_1_36' title="bbox 166 4800 995 4886; baseline 0.001 -22"><span class='ocrx_word' id='word_1_208' title='bbox 166 4801 407 4865; x_wconf 90' lang='lat' dir='ltr'>valetudinem</span> <span class='ocrx_word' id='word_1_209' title='bbox 419 4800 615 4866; x_wconf 87' lang='lat' dir='ltr'>Czeiczium</span> <span class='ocrx_word' id='word_1_210' title='bbox 626 4804 673 4865; x_wconf 90' lang='lat' dir='ltr'>ad</span> <span class='ocrx_word' id='word_1_211' title='bbox 685 4803 814 4866; x_wconf 90' lang='lat' dir='ltr'>balnea</span> <span class='ocrx_word' id='word_1_212' title='bbox 826 4803 995 4886; x_wconf 84' lang='lat' dir='ltr'>perrexit,</span> 
     </span>
     <span class='ocr_line' id='line_1_37' title="bbox 167 4923 996 5006; baseline 0.004 -20"><span class='ocrx_word' id='word_1_213' title='bbox 167 4923 358 5004; x_wconf 86' lang='lat' dir='ltr'>exquibus</span> <span class='ocrx_word' id='word_1_214' title='bbox 375 4924 489 4987; x_wconf 84' lang='lat' dir='ltr'>redux</span> <span class='ocrx_word' id='word_1_215' title='bbox 507 4925 671 5006; x_wconf 88' lang='lat' dir='ltr'>sequenti</span> <span class='ocrx_word' id='word_1_216' title='bbox 692 4944 739 4987; x_wconf 80' lang='lat' dir='ltr'>ex</span> <span class='ocrx_word' id='word_1_217' title='bbox 758 4927 880 4989; x_wconf 93' lang='lat' dir='ltr'>morbo</span> <span class='ocrx_word' id='word_1_218' title='bbox 900 4927 996 4989; x_wconf 92' lang='lat' dir='ltr'>nullo</span> 
     </span>
     <span class='ocr_line' id='line_1_38' title="bbox 167 5044 996 5129; baseline 0.004 -23"><span class='ocrx_word' id='word_1_219' title='bbox 167 5044 273 5107; x_wconf 92' lang='lat' dir='ltr'>modo</span> <span class='ocrx_word' id='word_1_220' title='bbox 294 5046 546 5108; x_wconf 89' lang='lat' dir='ltr'>convalescens</span> <span class='ocrx_word' id='word_1_221' title='bbox 568 5048 614 5109; x_wconf 93' lang='lat' dir='ltr'>ad</span> <span class='ocrx_word' id='word_1_222' title='bbox 635 5047 783 5111; x_wconf 87' lang='lat' dir='ltr'>iteratas</span> <span class='ocrx_word' id='word_1_223' title='bbox 803 5066 929 5129; x_wconf 89' lang='lat' dir='ltr'>preces</span> <span class='ocrx_word' id='word_1_224' title='bbox 950 5048 996 5109; x_wconf 93' lang='lat' dir='ltr'>ab</span> 
     </span>
     <span class='ocr_line' id='line_1_39' title="bbox 168 5165 997 5252; baseline 0.002 -23"><span class='ocrx_word' id='word_1_225' title='bbox 168 5165 286 5230; x_wconf 83' lang='lat' dir='ltr'>officio</span> <span class='ocrx_word' id='word_1_226' title='bbox 300 5168 471 5249; x_wconf 89' lang='lat' dir='ltr'>pastorali</span> <span class='ocrx_word' id='word_1_227' title='bbox 491 5169 696 5252; x_wconf 89' lang='lat' dir='ltr'>absolvitur,</span> <span class='ocrx_word' id='word_1_228' title='bbox 723 5179 760 5233; x_wconf 88' lang='lat' dir='ltr'>et</span> <span class='ocrx_word' id='word_1_229' title='bbox 784 5191 855 5252; x_wconf 87' lang='lat' dir='ltr'>qua</span> <span class='ocrx_word' id='word_1_230' title='bbox 879 5169 997 5232; x_wconf 88' lang='lat' dir='ltr'>senior</span> 
     </span>
     <span class='ocr_line' id='line_1_40' title="bbox 168 5287 994 5374; baseline 0.004 -24"><span class='ocrx_word' id='word_1_231' title='bbox 168 5297 205 5351; x_wconf 93' lang='lat' dir='ltr'>et</span> <span class='ocrx_word' id='word_1_232' title='bbox 216 5287 363 5351; x_wconf 86' lang='lat' dir='ltr'>fratrum</span> <span class='ocrx_word' id='word_1_233' title='bbox 377 5290 614 5355; x_wconf 81' lang='lat' dir='ltr'>confessarius</span> <span class='ocrx_word' id='word_1_234' title='bbox 629 5296 733 5374; x_wconf 81' lang='lat' dir='ltr'>(anno</span> <span class='ocrx_word' id='word_1_235' title='bbox 750 5310 830 5371; x_wconf 87' lang='lat'>1794</span> <span class='ocrx_word' id='word_1_236' title='bbox 844 5296 895 5354; x_wconf 80' lang='grc'>30.</span> <span class='ocrx_word' id='word_1_237' title='bbox 905 5291 994 5354; x_wconf 85' lang='grc' dir='ltr'><strong>Νον.</strong></span> 
     </span>
    </p>
   </div>
   <div class='ocr_carea' id='block_1_5' title="bbox 1069 659 1762 864">
    <p class='ocr_par' dir='ltr' id='par_1_5' title="bbox 1069 659 1762 864">
     <span class='ocr_line' id='line_1_41' title="bbox 1069 659 1762 744; baseline 0.003 -22"><span class='ocrx_word' id='word_1_238' title='bbox 1069 661 1163 724; x_wconf 90' lang='lat' dir='ltr'>latus</span> <span class='ocrx_word' id='word_1_239' title='bbox 1194 668 1313 723; x_wconf 87' lang='lat' dir='ltr'>aetate</span> <span class='ocrx_word' id='word_1_240' title='bbox 1340 659 1541 742; x_wconf 89' lang='lat' dir='ltr'>decrepita,</span> <span class='ocrx_word' id='word_1_241' title='bbox 1572 669 1762 744; x_wconf 87' lang='lat' dir='ltr'>octogenar</span> 
     </span>
     <span class='ocr_line' id='line_1_42' title="bbox 1070 781 1738 864; baseline 0.004 -20"><span class='ocrx_word' id='word_1_242' title='bbox 1070 782 1123 845; x_wconf 93' lang='lat' dir='ltr'>ior</span> <span class='ocrx_word' id='word_1_243' title='bbox 1145 801 1349 864; x_wconf 89' lang='lat' dir='ltr'>supremum</span> <span class='ocrx_word' id='word_1_244' title='bbox 1373 781 1501 845; x_wconf 88' lang='lat' dir='ltr'>clausit</span> <span class='ocrx_word' id='word_1_245' title='bbox 1525 782 1620 846; x_wconf 88' lang='lat' dir='ltr'>diem</span> <span class='ocrx_word' id='word_1_246' title='bbox 1644 800 1738 847; x_wconf 86' lang='lat' dir='ltr'>anno</span> 
     </span>
    </p>
   </div>
   <div class='ocr_carea' id='block_1_6' title="bbox 1070 905 1762 1250">
    <p class='ocr_par' dir='ltr' id='par_1_6' title="bbox 1070 905 1762 1250">
     <span class='ocr_line' id='line_1_43' title="bbox 1070 905 1184 988; baseline 0 -20"><span class='ocrx_word' id='word_1_247' title='bbox 1070 905 1184 988; x_wconf 91' lang='lat' dir='ltr'>April.</span> 
     </span>
     <span class='ocr_line' id='line_1_44' title="bbox 1156 1044 1762 1109; baseline 0.003 -2"><span class='ocrx_word' id='word_1_248' title='bbox 1156 1044 1222 1108; x_wconf 89' lang='lat' dir='ltr'>Vir</span> <span class='ocrx_word' id='word_1_249' title='bbox 1248 1053 1326 1108; x_wconf 88' lang='lat' dir='ltr'>erat</span> <span class='ocrx_word' id='word_1_250' title='bbox 1357 1065 1428 1109; x_wconf 91' lang='lat' dir='ltr'>non</span> <span class='ocrx_word' id='word_1_251' title='bbox 1459 1044 1630 1109; x_wconf 87' lang='lat' dir='ltr'>mediocri</span> <span class='ocrx_word' id='word_1_252' title='bbox 1657 1045 1762 1109; x_wconf 79' lang='lat' dir='ltr'>doctri</span> 
     </span>
     <span class='ocr_line' id='line_1_45' title="bbox 1071 1167 1762 1250; baseline 0.003 -20"><span class='ocrx_word' id='word_1_253' title='bbox 1071 1177 1236 1249; x_wconf 89' lang='lat' dir='ltr'>structus,</span> <span class='ocrx_word' id='word_1_254' title='bbox 1253 1167 1305 1230; x_wconf 88' lang='lat' dir='ltr'>rei</span> <span class='ocrx_word' id='word_1_255' title='bbox 1320 1167 1572 1250; x_wconf 88' lang='lat' dir='ltr'>diplomaticae</span> <span class='ocrx_word' id='word_1_256' title='bbox 1587 1167 1676 1231; x_wconf 87' lang='lat' dir='ltr'>satis</span> <span class='ocrx_word' id='word_1_257' title='bbox 1693 1167 1762 1250; x_wconf 88' lang='lat' dir='ltr'>peri</span> 
     </span>
    </p>
   </div>
   <div class='ocr_carea' id='block_1_7' title="bbox 1071 1288 1762 1494">
    <p class='ocr_par' dir='ltr' id='par_1_7' title="bbox 1071 1288 1762 1494">
     <span class='ocr_line' id='line_1_46' title="bbox 1071 1288 1762 1373; baseline 0.003 -21"><span class='ocrx_word' id='word_1_258' title='bbox 1071 1289 1201 1353; x_wconf 90' lang='lat' dir='ltr'>storiae</span> <span class='ocrx_word' id='word_1_259' title='bbox 1221 1289 1359 1372; x_wconf 87' lang='lat' dir='ltr'>patriae</span> <span class='ocrx_word' id='word_1_260' title='bbox 1379 1291 1474 1352; x_wconf 89' lang='lat' dir='ltr'>haud</span> <span class='ocrx_word' id='word_1_261' title='bbox 1495 1288 1653 1373; x_wconf 88' lang='lat' dir='ltr'>ignarus,</span> <span class='ocrx_word' id='word_1_262' title='bbox 1677 1289 1762 1354; x_wconf 81' lang='lat' dir='ltr'>cuitu</span> 
     </span>
     <span class='ocr_line' id='line_1_47' title="bbox 1071 1411 1568 1494; baseline 0 -19"><span class='ocrx_word' id='word_1_263' title='bbox 1071 1421 1191 1476; x_wconf 89' lang='lat' dir='ltr'>menta</span> <span class='ocrx_word' id='word_1_264' title='bbox 1206 1411 1350 1494; x_wconf 89' lang='lat' dir='ltr'>reliquit</span> <span class='ocrx_word' id='word_1_265' title='bbox 1366 1413 1568 1494; x_wconf 89' lang='lat' dir='ltr'>sequentia:</span> 
     </span>
    </p>
   </div>
   <div class='ocr_carea' id='block_1_8' title="bbox 1072 1556 1762 1841">
    <p class='ocr_par' dir='ltr' id='par_1_8' title="bbox 1072 1556 1762 1841">
     <span class='ocr_line' id='line_1_48' title="bbox 1158 1556 1762 1616; baseline 0.003 -2"><span class='ocrx_word' id='word_1_266' title='bbox 1158 1558 1182 1614; x_wconf 91' lang='lat'>1.</span> <span class='ocrx_word' id='word_1_267' title='bbox 1200 1556 1296 1614; x_wconf 85' lang='lat' dir='ltr'>Gesta</span> <span class='ocrx_word' id='word_1_268' title='bbox 1312 1559 1341 1613; x_wconf 92' lang='lat' dir='ltr'>in</span> <span class='ocrx_word' id='word_1_269' title='bbox 1356 1556 1494 1614; x_wconf 87' lang='lat' dir='ltr'>sollemni</span> <span class='ocrx_word' id='word_1_270' title='bbox 1510 1559 1762 1616; x_wconf 72' lang='lat' dir='ltr'>consecratione&lt;</span> 
     </span>
     <span class='ocr_line' id='line_1_49' title="bbox 1072 1661 1762 1739; baseline 0.003 -23"><span class='ocrx_word' id='word_1_271' title='bbox 1072 1661 1255 1736; x_wconf 89' lang='lat' dir='ltr'>parochialis</span> <span class='ocrx_word' id='word_1_272' title='bbox 1275 1680 1300 1718; x_wconf 91' lang='lat' dir='ltr'>s.</span> <span class='ocrx_word' id='word_1_273' title='bbox 1318 1663 1417 1718; x_wconf 91' lang='lat' dir='ltr'>crucis</span> <span class='ocrx_word' id='word_1_274' title='bbox 1438 1680 1504 1718; x_wconf 90' lang='lat' dir='ltr'>cum</span> <span class='ocrx_word' id='word_1_275' title='bbox 1525 1661 1707 1738; x_wconf 88' lang='lat' dir='ltr'>appendice,</span> <span class='ocrx_word' id='word_1_276' title='bbox 1733 1681 1762 1739; x_wconf 80' lang='lat' dir='ltr'>qr</span> 
     </span>
     <span class='ocr_line' id='line_1_50' title="bbox 1072 1764 1762 1841; baseline 0.003 -20"><span class='ocrx_word' id='word_1_277' title='bbox 1072 1766 1226 1841; x_wconf 91' lang='lat' dir='ltr'>quomodo</span> <span class='ocrx_word' id='word_1_278' title='bbox 1240 1765 1339 1822; x_wconf 91' lang='lat' dir='ltr'>divina</span> <span class='ocrx_word' id='word_1_279' title='bbox 1351 1765 1462 1823; x_wconf 91' lang='lat' dir='ltr'>ibidem</span> <span class='ocrx_word' id='word_1_280' title='bbox 1474 1767 1535 1823; x_wconf 89' lang='lat' dir='ltr'>sint</span> <span class='ocrx_word' id='word_1_281' title='bbox 1551 1764 1744 1835; x_wconf 86' lang='lat' dir='ltr'>celebranda,</span> <span class='ocrx_word' id='word_1_282' title='bbox 1759 1788 1762 1823; x_wconf 73' lang='lat' dir='ltr'>r</span> 
     </span>
    </p>
   </div>
   <div class='ocr_carea' id='block_1_9' title="bbox 1072 1868 1761 2047">
    <p class='ocr_par' dir='ltr' id='par_1_9' title="bbox 1072 1868 1761 2047">
     <span class='ocr_line' id='line_1_51' title="bbox 1072 1868 1761 1947; baseline 0.003 -21"><span class='ocrx_word' id='word_1_283' title='bbox 1072 1888 1150 1926; x_wconf 91' lang='lat' dir='ltr'>anno</span> <span class='ocrx_word' id='word_1_284' title='bbox 1167 1883 1258 1944; x_wconf 90' lang='lat'><strong>1770.</strong></span> <span class='ocrx_word' id='word_1_285' title='bbox 1283 1871 1371 1928; x_wconf 88' lang='lat' dir='ltr'>Fasc.</span> <span class='ocrx_word' id='word_1_286' title='bbox 1389 1872 1418 1926; x_wconf 87' lang='lat' dir='ltr'>in</span> <span class='ocrx_word' id='word_1_287' title='bbox 1434 1868 1485 1928; x_wconf 84' lang='grc'>101.</span> <span class='ocrx_word' id='word_1_288' title='bbox 1502 1872 1568 1927; x_wconf 90' lang='lat' dir='ltr'>sine</span> <span class='ocrx_word' id='word_1_289' title='bbox 1580 1888 1651 1947; x_wconf 88' lang='lat' dir='ltr'>pag.</span> <span class='ocrx_word' id='word_1_290' title='bbox 1670 1873 1700 1927; x_wconf 91' lang='lat' dir='ltr'>in</span> <span class='ocrx_word' id='word_1_291' title='bbox 1711 1889 1761 1928; x_wconf 89' lang='lat' dir='ltr'>arc</span> 
     </span>
     <span class='ocr_line' id='line_1_52' title="bbox 1073 1974 1236 2047; baseline 0.006 -18"><span class='ocrx_word' id='word_1_292' title='bbox 1073 1974 1105 2031; x_wconf 89' lang='lat' dir='ltr'>B.</span> <span class='ocrx_word' id='word_1_293' title='bbox 1122 1975 1188 2032; x_wconf 92' lang='lat' dir='ltr'>Vll.</span> <span class='ocrx_word' id='word_1_294' title='bbox 1206 1987 1236 2047; x_wconf 86' lang='lat'>5.</span> 
     </span>
    </p>
   </div>
   <div class='ocr_carea' id='block_1_10' title="bbox 1072 2096 1761 2259">
    <p class='ocr_par' dir='ltr' id='par_1_10' title="bbox 1072 2096 1761 2259">
     <span class='ocr_line' id='line_1_53' title="bbox 1160 2096 1755 2155; baseline 0.005 -3"><span class='ocrx_word' id='word_1_295' title='bbox 1160 2096 1197 2152; x_wconf 92' lang='lat'>11.</span> <span class='ocrx_word' id='word_1_296' title='bbox 1218 2097 1330 2153; x_wconf 85' lang='lat' dir='ltr'>Notata</span> <span class='ocrx_word' id='word_1_297' title='bbox 1350 2098 1431 2153; x_wconf 89' lang='lat' dir='ltr'>circa</span> <span class='ocrx_word' id='word_1_298' title='bbox 1447 2109 1576 2154; x_wconf 89' lang='lat' dir='ltr'>statuam</span> <span class='ocrx_word' id='word_1_299' title='bbox 1592 2117 1618 2154; x_wconf 89' lang='lat' dir='ltr'>s.</span> <span class='ocrx_word' id='word_1_300' title='bbox 1635 2097 1755 2155; x_wconf 86' lang='lat' dir='ltr'>Ioannis</span> 
     </span>
     <span class='ocr_line' id='line_1_54' title="bbox 1072 2198 1761 2259; baseline 0.004 -4"><span class='ocrx_word' id='word_1_301' title='bbox 1072 2198 1245 2256; x_wconf 78' lang='lat' dir='ltr'>fonticulum</span> <span class='ocrx_word' id='word_1_302' title='bbox 1281 2200 1404 2257; x_wconf 85' lang='lat' dir='ltr'>arculae</span> <span class='ocrx_word' id='word_1_303' title='bbox 1436 2198 1691 2259; x_wconf 73' lang='lat' dir='ltr'>Rebeiovicensis</span> <span class='ocrx_word' id='word_1_304' title='bbox 1724 2219 1761 2258; x_wconf 93' lang='lat' dir='ltr'>co</span> 
     </span>
    </p>
   </div>
   <div class='ocr_carea' id='block_1_11' title="bbox 1072 2302 1762 2466">
    <p class='ocr_par' dir='ltr' id='par_1_11' title="bbox 1072 2302 1762 2466">
     <span class='ocr_line' id='line_1_55' title="bbox 1072 2302 1762 2380; baseline 0.006 -20"><span class='ocrx_word' id='word_1_305' title='bbox 1072 2306 1158 2361; x_wconf 87' lang='lat' dir='ltr'>annis</span> <span class='ocrx_word' id='word_1_306' title='bbox 1177 2302 1345 2379; x_wconf 87' lang='lat'>1771-76</span> <span class='ocrx_word' id='word_1_307' title='bbox 1363 2318 1518 2380; x_wconf 89' lang='lat' dir='ltr'>congesta.</span> <span class='ocrx_word' id='word_1_308' title='bbox 1540 2306 1628 2363; x_wconf 90' lang='lat' dir='ltr'>Fasc.</span> <span class='ocrx_word' id='word_1_309' title='bbox 1647 2307 1675 2361; x_wconf 92' lang='lat' dir='ltr'>in</span> <span class='ocrx_word' id='word_1_310' title='bbox 1692 2319 1734 2379; x_wconf 86' lang='lat'>40.</span> <span class='ocrx_word' id='word_1_311' title='bbox 1750 2326 1762 2364; x_wconf 92' lang='lat' dir='ltr'>s</span> 
     </span>
     <span class='ocr_line' id='line_1_56' title="bbox 1072 2407 1475 2466; baseline 0.002 -1"><span class='ocrx_word' id='word_1_312' title='bbox 1072 2407 1129 2466; x_wconf 92' lang='lat' dir='ltr'>sub</span> <span class='ocrx_word' id='word_1_313' title='bbox 1146 2410 1178 2466; x_wconf 90' lang='lat' dir='ltr'>B.</span> <span class='ocrx_word' id='word_1_314' title='bbox 1194 2409 1261 2466; x_wconf 88' lang='lat' dir='ltr'>VH.</span> <span class='ocrx_word' id='word_1_315' title='bbox 1283 2417 1336 2466; x_wconf 61' lang='grc' dir='ltr'>1οι</span> <span class='ocrx_word' id='word_1_316' title='bbox 1351 2410 1475 2466; x_wconf 89' lang='lat' dir='ltr'>archivi.</span> 
     </span>
    </p>
   </div>
   <div class='ocr_carea' id='block_1_12' title="bbox 1072 2532 1762 2922">
    <p class='ocr_par' dir='ltr' id='par_1_12' title="bbox 1072 2532 1762 2922">
     <span class='ocr_line' id='line_1_57' title="bbox 1159 2532 1762 2612; baseline -0.002 -25"><span class='ocrx_word' id='word_1_317' title='bbox 1159 2532 1211 2588; x_wconf 93' lang='lat' dir='ltr'>llI.</span> <span class='ocrx_word' id='word_1_318' title='bbox 1248 2533 1384 2588; x_wconf 87' lang='lat' dir='ltr'>Historia</span> <span class='ocrx_word' id='word_1_319' title='bbox 1420 2532 1582 2612; x_wconf 82' lang='lat' dir='ltr'>parochiae</span> <span class='ocrx_word' id='word_1_320' title='bbox 1614 2532 1762 2608; x_wconf 71' lang='lat' dir='ltr'>Raigradir</span> 
     </span>
     <span class='ocr_line' id='line_1_58' title="bbox 1072 2635 1760 2712; baseline 0 -20"><span class='ocrx_word' id='word_1_321' title='bbox 1072 2635 1264 2693; x_wconf 88' lang='lat' dir='ltr'>miscellanea</span> <span class='ocrx_word' id='word_1_322' title='bbox 1290 2638 1375 2693; x_wconf 87' lang='lat' dir='ltr'>varia</span> <span class='ocrx_word' id='word_1_323' title='bbox 1405 2637 1462 2693; x_wconf 89' lang='lat' dir='ltr'>hue</span> <span class='ocrx_word' id='word_1_324' title='bbox 1490 2638 1660 2712; x_wconf 87' lang='lat' dir='ltr'>spectantia</span> <span class='ocrx_word' id='word_1_325' title='bbox 1687 2656 1704 2694; x_wconf 92' lang='lat' dir='ltr'>a</span> <span class='ocrx_word' id='word_1_326' title='bbox 1731 2636 1760 2693; x_wconf 84' lang='lat' dir='ltr'>lu</span> 
     </span>
     <span class='ocr_line' id='line_1_59' title="bbox 1072 2739 1760 2816; baseline 0.004 -21"><span class='ocrx_word' id='word_1_327' title='bbox 1072 2742 1246 2797; x_wconf 90' lang='lat' dir='ltr'>monasterii</span> <span class='ocrx_word' id='word_1_328' title='bbox 1267 2759 1363 2816; x_wconf 91' lang='lat' dir='ltr'>usque</span> <span class='ocrx_word' id='word_1_329' title='bbox 1384 2739 1421 2796; x_wconf 91' lang='lat' dir='ltr'>ad</span> <span class='ocrx_word' id='word_1_330' title='bbox 1437 2758 1547 2796; x_wconf 90' lang='lat' dir='ltr'>annum</span> <span class='ocrx_word' id='word_1_331' title='bbox 1568 2753 1660 2815; x_wconf 84' lang='lat'>1777.</span> <span class='ocrx_word' id='word_1_332' title='bbox 1685 2743 1760 2799; x_wconf 88' lang='lat' dir='ltr'>Fasc</span> 
     </span>
     <span class='ocr_line' id='line_1_60' title="bbox 1072 2844 1628 2922; baseline -0.002 -19"><span class='ocrx_word' id='word_1_333' title='bbox 1072 2848 1136 2903; x_wconf 91' lang='lat' dir='ltr'>sine</span> <span class='ocrx_word' id='word_1_334' title='bbox 1152 2864 1222 2922; x_wconf 85' lang='lat' dir='ltr'>pag.</span> <span class='ocrx_word' id='word_1_335' title='bbox 1240 2844 1296 2902; x_wconf 92' lang='lat' dir='ltr'>sub</span> <span class='ocrx_word' id='word_1_336' title='bbox 1313 2846 1346 2902; x_wconf 90' lang='grc' dir='ltr'>Β.</span> <span class='ocrx_word' id='word_1_337' title='bbox 1363 2845 1428 2902; x_wconf 93' lang='lat' dir='ltr'>VII.</span> <span class='ocrx_word' id='word_1_338' title='bbox 1450 2860 1482 2902; x_wconf 91' lang='lat'>11</span> <span class='ocrx_word' id='word_1_339' title='bbox 1503 2846 1628 2903; x_wconf 89' lang='lat' dir='ltr'>archivi.</span> 
     </span>
    </p>
   </div>
   <div class='ocr_carea' id='block_1_13' title="bbox 1072 2967 1762 3253">
    <p class='ocr_par' dir='ltr' id='par_1_13' title="bbox 1072 2967 1762 3253">
     <span class='ocr_line' id='line_1_61' title="bbox 1159 2967 1762 3043; baseline 0.005 -19"><span class='ocrx_word' id='word_1_340' title='bbox 1159 2968 1210 3024; x_wconf 91' lang='lat' dir='ltr'>IV.</span> <span class='ocrx_word' id='word_1_341' title='bbox 1234 2967 1313 3024; x_wconf 82' lang='lat' dir='ltr'>Acta</span> <span class='ocrx_word' id='word_1_342' title='bbox 1335 2968 1522 3043; x_wconf 89' lang='lat' dir='ltr'>parochialia</span> <span class='ocrx_word' id='word_1_343' title='bbox 1546 2968 1578 3025; x_wconf 90' lang='lat' dir='ltr'>P.</span> <span class='ocrx_word' id='word_1_344' title='bbox 1601 2968 1713 3026; x_wconf 90' lang='lat' dir='ltr'>Placidi</span> <span class='ocrx_word' id='word_1_345' title='bbox 1737 2988 1762 3027; x_wconf 80' lang='lat' dir='ltr'>ct</span> 
     </span>
     <span class='ocr_line' id='line_1_62' title="bbox 1072 3068 1760 3150; baseline 0.006 -23"><span class='ocrx_word' id='word_1_346' title='bbox 1072 3070 1262 3146; x_wconf 84' lang='lat' dir='ltr'>grolanensis</span> <span class='ocrx_word' id='word_1_347' title='bbox 1275 3068 1562 3150; x_wconf 72' lang='lat' dir='ltr'>(Ostrovadicensis)</span> <span class='ocrx_word' id='word_1_348' title='bbox 1578 3070 1617 3128; x_wconf 89' lang='lat' dir='ltr'>ab</span> <span class='ocrx_word' id='word_1_349' title='bbox 1630 3091 1709 3130; x_wconf 88' lang='lat' dir='ltr'>anno</span> <span class='ocrx_word' id='word_1_350' title='bbox 1726 3087 1760 3148; x_wconf 84' lang='lat'>17</span> 
     </span>
     <span class='ocr_line' id='line_1_63' title="bbox 1073 3174 1760 3253; baseline 0 -20"><span class='ocrx_word' id='word_1_351' title='bbox 1073 3177 1160 3233; x_wconf 79' lang='lat' dir='ltr'>Fasc.</span> <span class='ocrx_word' id='word_1_352' title='bbox 1178 3178 1207 3233; x_wconf 89' lang='lat' dir='ltr'>in</span> <span class='ocrx_word' id='word_1_353' title='bbox 1224 3183 1265 3249; x_wconf 87' lang='lat'>4⁰.</span> <span class='ocrx_word' id='word_1_354' title='bbox 1282 3179 1347 3233; x_wconf 89' lang='lat' dir='ltr'>sine</span> <span class='ocrx_word' id='word_1_355' title='bbox 1363 3195 1433 3253; x_wconf 86' lang='lat' dir='ltr'>pag.</span> <span class='ocrx_word' id='word_1_356' title='bbox 1450 3174 1506 3233; x_wconf 93' lang='lat' dir='ltr'>sub</span> <span class='ocrx_word' id='word_1_357' title='bbox 1523 3177 1555 3232; x_wconf 87' lang='lat' dir='ltr'>B.</span> <span class='ocrx_word' id='word_1_358' title='bbox 1572 3176 1625 3233; x_wconf 91' lang='lat' dir='ltr'>1X.</span> <span class='ocrx_word' id='word_1_359' title='bbox 1644 3194 1662 3251; x_wconf 83' lang='lat'>9</span> <span class='ocrx_word' id='word_1_360' title='bbox 1680 3178 1760 3236; x_wconf 90' lang='lat' dir='ltr'>archi</span> 
     </span>
    </p>
   </div>
   <div class='ocr_carea' id='block_1_14' title="bbox 1074 3299 1762 4399">
    <p class='ocr_par' dir='ltr' id='par_1_14' title="bbox 1074 3299 1762 4399">
     <span class='ocr_line' id='line_1_64' title="bbox 1160 3299 1761 3376; baseline 0.002 -19"><span class='ocrx_word' id='word_1_361' title='bbox 1160 3300 1196 3357; x_wconf 85' lang='lat' dir='ltr'>V.</span> <span class='ocrx_word' id='word_1_362' title='bbox 1212 3299 1290 3356; x_wconf 87' lang='lat' dir='ltr'>Acta</span> <span class='ocrx_word' id='word_1_363' title='bbox 1307 3301 1335 3354; x_wconf 94' lang='lat' dir='ltr'>in</span> <span class='ocrx_word' id='word_1_364' title='bbox 1346 3308 1443 3356; x_wconf 88' lang='lat' dir='ltr'>&#39;eausa</span> <span class='ocrx_word' id='word_1_365' title='bbox 1459 3302 1715 3376; x_wconf 87' lang='lat' dir='ltr'>praesentationis</span> <span class='ocrx_word' id='word_1_366' title='bbox 1731 3301 1761 3358; x_wconf 87' lang='lat' dir='ltr'>P.</span> 
     </span>
     <span class='ocr_line' id='line_1_65' title="bbox 1074 3395 1762 3482; baseline 0.004 -23"><span class='ocrx_word' id='word_1_367' title='bbox 1074 3406 1126 3461; x_wconf 92' lang='lat' dir='ltr'>rici</span> <span class='ocrx_word' id='word_1_368' title='bbox 1144 3402 1266 3461; x_wconf 89' lang='lat' dir='ltr'>Schmid</span> <span class='ocrx_word' id='word_1_369' title='bbox 1283 3395 1339 3480; x_wconf 84' lang='lat' dir='ltr'>pro</span> <span class='ocrx_word' id='word_1_370' title='bbox 1357 3405 1471 3460; x_wconf 85' lang='lat' dir='ltr'>curatia</span> <span class='ocrx_word' id='word_1_371' title='bbox 1486 3405 1709 3479; x_wconf 84' lang='lat' dir='ltr'>Nigrolanensi,</span> <span class='ocrx_word' id='word_1_372' title='bbox 1726 3424 1762 3482; x_wconf 93' lang='lat' dir='ltr'>qu</span> 
     </span>
     <span class='ocr_line' id='line_1_66' title="bbox 1074 3506 1762 3585; baseline 0.006 -21"><span class='ocrx_word' id='word_1_373' title='bbox 1074 3510 1225 3564; x_wconf 86' lang='lat' dir='ltr'>sistoriurn</span> <span class='ocrx_word' id='word_1_374' title='bbox 1247 3521 1408 3585; x_wconf 88' lang='lat' dir='ltr'>acceptare</span> <span class='ocrx_word' id='word_1_375' title='bbox 1429 3509 1527 3564; x_wconf 87' lang='lat' dir='ltr'>renuit</span> <span class='ocrx_word' id='word_1_376' title='bbox 1549 3506 1590 3565; x_wconf 93' lang='lat' dir='ltr'>ob</span> <span class='ocrx_word' id='word_1_377' title='bbox 1606 3523 1762 3568; x_wconf 88' lang='lat' dir='ltr'>emanatuu</span> 
     </span>
     <span class='ocr_line' id='line_1_67' title="bbox 1074 3611 1762 3689; baseline 0.004 -21"><span class='ocrx_word' id='word_1_378' title='bbox 1074 3632 1151 3669; x_wconf 89' lang='lat' dir='ltr'>mum</span> <span class='ocrx_word' id='word_1_379' title='bbox 1169 3612 1321 3669; x_wconf 91' lang='lat' dir='ltr'>decretum</span> <span class='ocrx_word' id='word_1_380' title='bbox 1345 3611 1382 3668; x_wconf 93' lang='lat' dir='ltr'>de</span> <span class='ocrx_word' id='word_1_381' title='bbox 1403 3613 1474 3669; x_wconf 89' lang='lat' dir='ltr'>dato</span> <span class='ocrx_word' id='word_1_382' title='bbox 1496 3627 1546 3668; x_wconf 88' lang='lat'>20.</span> <span class='ocrx_word' id='word_1_383' title='bbox 1563 3613 1652 3670; x_wconf 86' lang='lat' dir='ltr'>Mart.</span> <span class='ocrx_word' id='word_1_384' title='bbox 1675 3628 1762 3689; x_wconf 81' lang='lat'>1772,</span> 
     </span>
     <span class='ocr_line' id='line_1_68' title="bbox 1075 3717 1762 3790; baseline 0.004 -17"><span class='ocrx_word' id='word_1_385' title='bbox 1075 3730 1137 3773; x_wconf 93' lang='lat' dir='ltr'>tres</span> <span class='ocrx_word' id='word_1_386' title='bbox 1160 3717 1198 3773; x_wconf 91' lang='lat' dir='ltr'>ad</span> <span class='ocrx_word' id='word_1_387' title='bbox 1219 3718 1368 3773; x_wconf 89' lang='lat' dir='ltr'>minimum</span> <span class='ocrx_word' id='word_1_388' title='bbox 1394 3717 1527 3790; x_wconf 89' lang='lat' dir='ltr'>religiosi</span> <span class='ocrx_word' id='word_1_389' title='bbox 1551 3735 1611 3773; x_wconf 92' lang='lat' dir='ltr'>non</span> <span class='ocrx_word' id='word_1_390' title='bbox 1636 3720 1704 3787; x_wconf 89' lang='lat' dir='ltr'>sint,</span> <span class='ocrx_word' id='word_1_391' title='bbox 1727 3717 1762 3776; x_wconf 84' lang='lat' dir='ltr'>be</span> 
     </span>
     <span class='ocr_line' id='line_1_69' title="bbox 1074 3820 1760 3896; baseline 0.003 -18"><span class='ocrx_word' id='word_1_392' title='bbox 1074 3821 1213 3896; x_wconf 87' lang='lat' dir='ltr'>regulare</span> <span class='ocrx_word' id='word_1_393' title='bbox 1222 3820 1396 3877; x_wconf 79' lang='lat' dir='ltr'>conseratur</span> <span class='ocrx_word' id='word_1_394' title='bbox 1406 3820 1631 3890; x_wconf 89' lang='lat' dir='ltr'>ecclesiastico;</span> <span class='ocrx_word' id='word_1_395' title='bbox 1645 3836 1693 3880; x_wconf 90' lang='lat' dir='ltr'>ast</span> <span class='ocrx_word' id='word_1_396' title='bbox 1706 3824 1760 3881; x_wconf 87' lang='lat' dir='ltr'>iam</span> 
     </span>
     <span class='ocr_line' id='line_1_70' title="bbox 1075 3925 1762 3987; baseline 0.004 -5"><span class='ocrx_word' id='word_1_397' title='bbox 1075 3945 1100 3982; x_wconf 90' lang='lat' dir='ltr'>e.</span> <span class='ocrx_word' id='word_1_398' title='bbox 1125 3944 1173 3982; x_wconf 90' lang='lat' dir='ltr'>ao.</span> <span class='ocrx_word' id='word_1_399' title='bbox 1198 3925 1362 3983; x_wconf 88' lang='lat' dir='ltr'>declaratio</span> <span class='ocrx_word' id='word_1_400' title='bbox 1391 3944 1535 3982; x_wconf 90' lang='lat' dir='ltr'>caesarea</span> <span class='ocrx_word' id='word_1_401' title='bbox 1564 3926 1734 3987; x_wconf 79' lang='lat' dir='ltr'>confusioni</span> <span class='ocrx_word' id='word_1_402' title='bbox 1760 3951 1762 3985; x_wconf 84' lang='lat'>1</span> 
     </span>
     <span class='ocr_line' id='line_1_71' title="bbox 1074 4029 1755 4109; baseline 0.006 -24"><span class='ocrx_word' id='word_1_403' title='bbox 1074 4029 1161 4086; x_wconf 88' lang='lat' dir='ltr'>finem</span> <span class='ocrx_word' id='word_1_404' title='bbox 1194 4043 1225 4086; x_wconf 92' lang='lat' dir='ltr'>et</span> <span class='ocrx_word' id='word_1_405' title='bbox 1256 4030 1335 4086; x_wconf 90' lang='lat' dir='ltr'>dicta</span> <span class='ocrx_word' id='word_1_406' title='bbox 1365 4032 1572 4107; x_wconf 88' lang='lat' dir='ltr'>praesentatio</span> <span class='ocrx_word' id='word_1_407' title='bbox 1602 4033 1755 4109; x_wconf 88' lang='lat' dir='ltr'>acceptari</span> 
     </span>
     <span class='ocr_line' id='line_1_72' title="bbox 1076 4134 1762 4210; baseline 0.001 -19"><span class='ocrx_word' id='word_1_408' title='bbox 1076 4134 1186 4191; x_wconf 89' lang='lat' dir='ltr'>Rerum</span> <span class='ocrx_word' id='word_1_409' title='bbox 1209 4136 1306 4191; x_wconf 90' lang='lat' dir='ltr'>series</span> <span class='ocrx_word' id='word_1_410' title='bbox 1328 4134 1481 4209; x_wconf 89' lang='lat' dir='ltr'>descripta</span> <span class='ocrx_word' id='word_1_411' title='bbox 1502 4153 1580 4210; x_wconf 90' lang='lat' dir='ltr'>per.</span> <span class='ocrx_word' id='word_1_412' title='bbox 1599 4177 1606 4191; x_wconf 92' lang='lat'>.</span> <span class='ocrx_word' id='word_1_413' title='bbox 1625 4178 1632 4192; x_wconf 94' lang='lat'>.</span> <span class='ocrx_word' id='word_1_414' title='bbox 1650 4179 1657 4193; x_wconf 94' lang='lat'>.</span> <span class='ocrx_word' id='word_1_415' title='bbox 1679 4149 1762 4194; x_wconf 89' lang='lat' dir='ltr'>curat</span> 
     </span>
     <span class='ocr_line' id='line_1_73' title="bbox 1075 4237 1762 4317; baseline 0.003 -22"><span class='ocrx_word' id='word_1_416' title='bbox 1075 4237 1276 4313; x_wconf 86' lang='lat' dir='ltr'>gradiensem.</span> <span class='ocrx_word' id='word_1_417' title='bbox 1294 4239 1383 4295; x_wconf 89' lang='lat' dir='ltr'>Fasc.</span> <span class='ocrx_word' id='word_1_418' title='bbox 1401 4240 1429 4294; x_wconf 92' lang='lat' dir='ltr'>in</span> <span class='ocrx_word' id='word_1_419' title='bbox 1446 4237 1529 4306; x_wconf 87' lang='grc'>10110,</span> <span class='ocrx_word' id='word_1_420' title='bbox 1546 4241 1611 4296; x_wconf 87' lang='lat' dir='ltr'>sine</span> <span class='ocrx_word' id='word_1_421' title='bbox 1628 4258 1699 4317; x_wconf 91' lang='lat' dir='ltr'>pag.</span> <span class='ocrx_word' id='word_1_422' title='bbox 1716 4237 1762 4297; x_wconf 82' lang='lat' dir='ltr'>sul</span> 
     </span>
     <span class='ocr_line' id='line_1_74' title="bbox 1076 4342 1199 4399; baseline -0.008 0"><span class='ocrx_word' id='word_1_423' title='bbox 1076 4342 1199 4399; x_wconf 89' lang='lat' dir='ltr'>archivi.</span> 
     </span>
    </p>
   </div>
   <div class='ocr_carea' id='block_1_15' title="bbox 1074 4464 1762 5291">
    <p class='ocr_par' dir='ltr' id='par_1_15' title="bbox 1076 4464 1762 4853">
     <span class='ocr_line' id='line_1_75' title="bbox 1162 4464 1762 4542; baseline 0 -22"><span class='ocrx_word' id='word_1_424' title='bbox 1162 4464 1213 4521; x_wconf 92' lang='lat' dir='ltr'>VI.</span> <span class='ocrx_word' id='word_1_425' title='bbox 1230 4464 1390 4540; x_wconf 87' lang='lat' dir='ltr'>Expositio</span> <span class='ocrx_word' id='word_1_426' title='bbox 1406 4483 1442 4522; x_wconf 89' lang='lat' dir='ltr'>ac</span> <span class='ocrx_word' id='word_1_427' title='bbox 1459 4464 1612 4522; x_wconf 90' lang='lat' dir='ltr'>meditatio</span> <span class='ocrx_word' id='word_1_428' title='bbox 1630 4467 1659 4521; x_wconf 93' lang='lat' dir='ltr'>in</span> <span class='ocrx_word' id='word_1_429' title='bbox 1675 4485 1721 4542; x_wconf 89' lang='lat' dir='ltr'>ps.</span> <span class='ocrx_word' id='word_1_430' title='bbox 1737 4479 1762 4539; x_wconf 68' lang='lat'>5(</span> 
     </span>
     <span class='ocr_line' id='line_1_76' title="bbox 1076 4565 1762 4643; baseline -0.004 -19"><span class='ocrx_word' id='word_1_431' title='bbox 1076 4569 1156 4643; x_wconf 90' lang='lat' dir='ltr'>nymi</span> <span class='ocrx_word' id='word_1_432' title='bbox 1172 4565 1379 4626; x_wconf 89' lang='lat' dir='ltr'>Savonarolae</span> <span class='ocrx_word' id='word_1_433' title='bbox 1399 4568 1437 4625; x_wconf 92' lang='lat' dir='ltr'>de</span> <span class='ocrx_word' id='word_1_434' title='bbox 1453 4569 1595 4626; x_wconf 88' lang='lat' dir='ltr'>Ferraria</span> <span class='ocrx_word' id='word_1_435' title='bbox 1618 4588 1655 4626; x_wconf 83' lang='lat' dir='ltr'>ex</span> <span class='ocrx_word' id='word_1_436' title='bbox 1676 4569 1762 4627; x_wconf 70' lang='lat' dir='ltr'>Italici</span> 
     </span>
     <span class='ocr_line' id='line_1_77' title="bbox 1077 4671 1762 4748; baseline 0.003 -20"><span class='ocrx_word' id='word_1_437' title='bbox 1077 4674 1169 4729; x_wconf 91' lang='lat' dir='ltr'>tinum</span> <span class='ocrx_word' id='word_1_438' title='bbox 1186 4671 1338 4730; x_wconf 80' lang='lat' dir='ltr'>transtulit</span> <span class='ocrx_word' id='word_1_439' title='bbox 1354 4674 1385 4729; x_wconf 90' lang='lat' dir='ltr'>P.</span> <span class='ocrx_word' id='word_1_440' title='bbox 1400 4673 1442 4729; x_wconf 92' lang='lat' dir='ltr'>Pl.</span> <span class='ocrx_word' id='word_1_441' title='bbox 1456 4674 1493 4730; x_wconf 89' lang='lat' dir='ltr'>H.</span> <span class='ocrx_word' id='word_1_442' title='bbox 1511 4692 1590 4731; x_wconf 90' lang='lat' dir='ltr'>anno</span> <span class='ocrx_word' id='word_1_443' title='bbox 1612 4673 1703 4748; x_wconf 88' lang='lat'>1781.</span> <span class='ocrx_word' id='word_1_444' title='bbox 1719 4675 1762 4732; x_wconf 85' lang='lat' dir='ltr'>Fa</span> 
     </span>
     <span class='ocr_line' id='line_1_78' title="bbox 1076 4776 1579 4853; baseline 0.004 -20"><span class='ocrx_word' id='word_1_445' title='bbox 1076 4779 1141 4834; x_wconf 89' lang='lat' dir='ltr'>sine</span> <span class='ocrx_word' id='word_1_446' title='bbox 1157 4796 1228 4853; x_wconf 90' lang='lat' dir='ltr'>pag.</span> <span class='ocrx_word' id='word_1_447' title='bbox 1245 4776 1302 4834; x_wconf 91' lang='lat' dir='ltr'>sub</span> <span class='ocrx_word' id='word_1_448' title='bbox 1319 4779 1354 4834; x_wconf 85' lang='lat' dir='ltr'>E.</span> <span class='ocrx_word' id='word_1_449' title='bbox 1373 4795 1402 4852; x_wconf 83' lang='lat'>9.</span> <span class='ocrx_word' id='word_1_450' title='bbox 1422 4792 1437 4851; x_wconf 90' lang='lat'><em>7</em></span> <span class='ocrx_word' id='word_1_451' title='bbox 1456 4779 1579 4835; x_wconf 89' lang='lat' dir='ltr'>archivi.</span> 
     </span>
    </p>

    <p class='ocr_par' dir='ltr' id='par_1_16' title="bbox 1074 4899 1762 5291">
     <span class='ocr_line' id='line_1_79' title="bbox 1163 4899 1762 4979; baseline -0.002 -22"><span class='ocrx_word' id='word_1_452' title='bbox 1163 4900 1228 4957; x_wconf 93' lang='lat' dir='ltr'>Vll.</span> <span class='ocrx_word' id='word_1_453' title='bbox 1256 4899 1434 4957; x_wconf 90' lang='lat' dir='ltr'>Cantionale</span> <span class='ocrx_word' id='word_1_454' title='bbox 1457 4903 1670 4971; x_wconf 88' lang='lat' dir='ltr'>monasticum,</span> <span class='ocrx_word' id='word_1_455' title='bbox 1695 4919 1762 4979; x_wconf 85' lang='lat' dir='ltr'>quot</span> 
     </span>
     <span class='ocr_line' id='line_1_80' title="bbox 1076 5003 1757 5080; baseline 0.006 -20"><span class='ocrx_word' id='word_1_456' title='bbox 1076 5023 1113 5060; x_wconf 83' lang='lat' dir='ltr'>ex</span> <span class='ocrx_word' id='word_1_457' title='bbox 1137 5003 1313 5061; x_wconf 90' lang='lat' dir='ltr'>melodiario</span> <span class='ocrx_word' id='word_1_458' title='bbox 1338 5006 1584 5080; x_wconf 88' lang='lat' dir='ltr'>congregationis</span> <span class='ocrx_word' id='word_1_459' title='bbox 1607 5006 1757 5064; x_wconf 87' lang='lat' dir='ltr'>Bohemo·</span> 
     </span>
     <span class='ocr_line' id='line_1_81' title="bbox 1076 5106 1762 5188; baseline 0.006 -24"><span class='ocrx_word' id='word_1_460' title='bbox 1076 5106 1246 5165; x_wconf 90' lang='lat' dir='ltr'>Silesiticae</span> <span class='ocrx_word' id='word_1_461' title='bbox 1270 5128 1298 5166; x_wconf 93' lang='lat' dir='ltr'>o.</span> <span class='ocrx_word' id='word_1_462' title='bbox 1320 5129 1345 5166; x_wconf 92' lang='lat' dir='ltr'>s.</span> <span class='ocrx_word' id='word_1_463' title='bbox 1368 5109 1400 5165; x_wconf 89' lang='lat' dir='ltr'>P.</span> <span class='ocrx_word' id='word_1_464' title='bbox 1417 5110 1490 5165; x_wconf 88' lang='lat' dir='ltr'>Ben.</span> <span class='ocrx_word' id='word_1_465' title='bbox 1515 5111 1624 5185; x_wconf 90' lang='lat' dir='ltr'>partim</span> <span class='ocrx_word' id='word_1_466' title='bbox 1648 5129 1686 5167; x_wconf 84' lang='lat' dir='ltr'>ex</span> <span class='ocrx_word' id='word_1_467' title='bbox 1709 5127 1762 5188; x_wconf 83' lang='lat' dir='ltr'>psa</span> 
     </span>
     <span class='ocr_line' id='line_1_82' title="bbox 1074 5212 1760 5291; baseline 0.004 -23"><span class='ocrx_word' id='word_1_468' title='bbox 1074 5213 1259 5288; x_wconf 90' lang='lat' dir='ltr'>antiphonali</span> <span class='ocrx_word' id='word_1_469' title='bbox 1276 5212 1477 5270; x_wconf 83' lang='lat' dir='ltr'>Fuldensibus</span> <span class='ocrx_word' id='word_1_470' title='bbox 1492 5213 1530 5271; x_wconf 89' lang='lat' dir='ltr'>ad</span> <span class='ocrx_word' id='word_1_471' title='bbox 1546 5214 1760 5291; x_wconf 84' lang='lat' dir='ltr'>regulariterll</span> 
     </span>
    </p>
   </div>
   <div class='ocr_carea' id='block_1_16' title="bbox 1034 5317 1762 5499">
    <p class='ocr_par' dir='ltr' id='par_1_17' title="bbox 1034 5317 1762 5499">
     <span class='ocr_line' id='line_1_83' title="bbox 1075 5317 1762 5395; baseline 0.006 -24"><span class='ocrx_word' id='word_1_472' title='bbox 1075 5317 1288 5391; x_wconf 89' lang='lat' dir='ltr'>religiosorum</span> <span class='ocrx_word' id='word_1_473' title='bbox 1316 5320 1445 5375; x_wconf 90' lang='lat' dir='ltr'>tironum</span> <span class='ocrx_word' id='word_1_474' title='bbox 1472 5337 1566 5376; x_wconf 88' lang='lat' dir='ltr'>voces</span> <span class='ocrx_word' id='word_1_475' title='bbox 1598 5338 1695 5395; x_wconf 89' lang='lat' dir='ltr'>opera</span> <span class='ocrx_word' id='word_1_476' title='bbox 1723 5336 1762 5377; x_wconf 79' lang='lat' dir='ltr'>sur</span> 
     </span>
     <span class='ocr_line' id='line_1_84' title="bbox 1034 5344 1762 5499; baseline 0.008 -23"><span class='ocrx_word' id='word_1_477' title='bbox 1034 5344 1038 5488; x_wconf 73' lang='lat' dir='ltr'>i</span> <span class='ocrx_word' id='word_1_478' title='bbox 1075 5421 1116 5477; x_wconf 93' lang='lat' dir='ltr'>cit</span> <span class='ocrx_word' id='word_1_479' title='bbox 1138 5421 1170 5476; x_wconf 92' lang='lat' dir='ltr'>P.</span> <span class='ocrx_word' id='word_1_480' title='bbox 1191 5422 1233 5478; x_wconf 91' lang='lat' dir='ltr'>Pl.</span> <span class='ocrx_word' id='word_1_481' title='bbox 1251 5422 1290 5478; x_wconf 93' lang='lat' dir='ltr'>H.</span> <span class='ocrx_word' id='word_1_482' title='bbox 1311 5441 1335 5479; x_wconf 91' lang='lat' dir='ltr'>s.</span> <span class='ocrx_word' id='word_1_483' title='bbox 1353 5441 1401 5479; x_wconf 87' lang='lat' dir='ltr'>ao.</span> <span class='ocrx_word' id='word_1_484' title='bbox 1425 5423 1481 5479; x_wconf 88' lang='lat' dir='ltr'>Ms.</span> <span class='ocrx_word' id='word_1_485' title='bbox 1506 5424 1535 5478; x_wconf 92' lang='lat' dir='ltr'>in</span> <span class='ocrx_word' id='word_1_486' title='bbox 1560 5423 1644 5492; x_wconf 88' lang='grc'>10110,</span> <span class='ocrx_word' id='word_1_487' title='bbox 1668 5425 1762 5499; x_wconf 70' lang='lat' dir='ltr'>sinet</span> 
     </span>
    </p>
   </div>
   <div class='ocr_carea' id='block_1_17' title="bbox 168 5411 996 5499">
    <p class='ocr_par' dir='ltr' id='par_1_18' title="bbox 168 5411 996 5499">
     <span class='ocr_line' id='line_1_85' title="bbox 168 5411 996 5499; baseline 0.005 -28"><span class='ocrx_word' id='word_1_488' title='bbox 168 5411 326 5472; x_wconf 88' lang='lat' dir='ltr'>secunda</span> <span class='ocrx_word' id='word_1_489' title='bbox 359 5412 437 5476; x_wconf 93' lang='lat' dir='ltr'>vice</span> <span class='ocrx_word' id='word_1_490' title='bbox 472 5412 669 5499; x_wconf 83' lang='lat' dir='ltr'>professus)</span> <span class='ocrx_word' id='word_1_491' title='bbox 704 5415 873 5477; x_wconf 91' lang='lat' dir='ltr'>sacerdos</span> <span class='ocrx_word' id='word_1_492' title='bbox 907 5414 996 5475; x_wconf 89' lang='lat' dir='ltr'>iubi-</span> 
     </span>
    </p>
   </div>
   <div class='ocr_carea' id='block_1_18' title="bbox 0 0 2057 6260">
    <p class='ocr_par' dir='ltr' id='par_1_19' title="bbox 0 0 2057 6260">
     <span class='ocr_line' id='line_1_86' title="bbox 0 0 2057 6260; baseline 0 0"><span class='ocrx_word' id='word_1_493' title='bbox 0 0 2057 6260; x_wconf 95' lang='lat' dir='ltr'> </span> 
     </span>
    </p>
   </div>
  </div>
 </body>
</html>
