4088 6270
791 522 833 532 -
878 485 990 547 XVII
1035 521 1075 531 -

68 724 124 775 est.
160 711 404 794 Wolfgangus
420 710 500 790 pius
517 710 708 792 episcopus
724 709 1013 788 Ratisbonensis,
1037 707 1129 771 fidus
1145 709 1204 772 ille
1222 729 1248 770 s,
1266 709 1452 771 Benedicti
1469 706 1572 787 filius,
1594 706 1801 769 Bohemiam

69 851 234 934 potestati
264 869 350 912 suae
381 840 579 912 subiectam
610 869 631 911 a
664 848 818 910 dioecesi
849 868 912 909 sua
944 848 1099 910 seiunxit
1130 857 1166 910 et
1197 852 1257 925 973
1284 847 1555 910 Benedictinum
1586 846 1803 908 Tietmarum

70 990 414 1072 llagdeburgensem
437 987 595 1069 primum·
620 1006 704 1048 suae
737 986 928 1068 potestatis
960 987 1167 1067 episcopum
1198 986 1418 1068 Pragensem
1450 985 1598 1067 agnovit
1613 987 1646 1065 ¹).
1686 984 1801 1046 Huius

69 1129 168 1210 igitur
184 1129 253 1189 sub
271 1126 439 1206 auspiciis
463 1126 549 1188 ordo
573 1124 724 1206 primurn
748 1124 964 1186 domicilium
992 1123 1028 1185 in
1045 1123 1218 1186 Bohemia
1241 1125 1451 1187 conlocavit.
1483 1123 1616 1186 Wlada
1633 1123 1725 1186 enim
1742 1123 1802 1205 pia

70 1268 160 1330 ducis
176 1266 252 1329 filia
268 1286 347 1328 cum
372 1265 613 1347 compluribus
637 1264 691 1326 sui
715 1263 888 1326 similibus
913 1264 1034 1326 adiuta
1058 1283 1079 1324 a
1102 1262 1211 1325 fratre
1233 1263 1399 1325 Boleslao
1416 1263 1460 1326 ΙΙ.
1485 1272 1568 1344 post
1591 1281 1721 1324 annum
1739 1282 1802 1341 970

70 1406 212 1487 primum
237 1425 264 1469 S.
290 1402 447 1485 Georgio
471 1403 674 1465 dedicatum
699 1402 910 1464 coenobium
934 1403 1185 1463 monacharum
1208 1401 1350 1483 Pragae
1375 1401 1532 1463 condidit
1548 1402 1583 1482 2).

191 1542 331 1625 Viginti
355 1541 456 1603 annis
481 1550 563 1622 post
586 1538 748 1601 monachi
771 1539 840 1620 ipsi
865 1539 900 1602 in
924 1559 966 1602 ea
990 1550 1102 1618 terra,
1136 1559 1206 1619 quo
1237 1539 1305 1602 iam
1335 1550 1388 1603 tot
1416 1541 1598 1622 apostolos
1622 1539 1802 1622 miserant,

72 1702 209 1746 manens
234 1681 450 1744 domicilium
474 1677 662 1742 aedificato
680 1679 895 1742 monasterio
912 1679 1170 1741 Brevnoviensi
1192 1678 1260 1741 sibi
1277 1679 1546 1741 constituerunt.
1578 1677 1697 1740 Prima
1713 1680 1802 1742 haec

72 1823 200 1885 colonia
224 1842 247 1883 a
271 1840 297 1884 s.
323 1820 533 1898 Adalberto,
557 1819 715 1880 secundo
740 1817 912 1899 episcopo
936 1817 1120 1900 Pragensi,
1146 1818 1300 1879 deducta
1324 1826 1388 1899 est,
1414 1817 1472 1897 qui
1497 1817 1574 1899 ipse
1599 1817 1681 1880 olim
1701 1828 1803 1880 veste

72 1961 265 2043 simplicis
291 1957 479 2020 Benedicti
502 1956 642 2018 Romae
666 1956 702 2018 in
725 1956 938 2019 monasterio
963 1976 989 2017 s.
1014 1955 1136 2017 Alexii
1170 1966 1205 2018 et
1233 1954 1408 2017 Bonifacii
1439 1955 1584 2018 indutus
1615 1976 1708 2018 anno
1739 1962 1801 2035 993

73 2098 248 2160 duodecim
273 2097 466 2159 monachos
488 2115 532 2158 ex
550 2098 675 2158 eodem
700 2093 871 2157 coenobio
896 2094 1135 2175 advocavitss).
1182 2089 1236 2156 lbi
1252 2094 1416 2156 monachi
1437 2096 1545 2175 paulo
1568 2105 1651 2175 post
1676 2093 1801 2158 officiis

74 2236 193 2297 ordinis
218 2234 322 2317 fungi
346 2245 551 2316 coeperunt.
591 2233 803 2297 Sedularum
827 2233 947 2313 apium
970 2233 1040 2295 ritu
1063 2233 1144 2295 hinc
1173 2232 1302 2315 partim
1332 2232 1500 2294 eremitae
1528 2233 1657 2313 partim
1681 2234 1802 2314 plures

76 2373 274 2456 congregati
299 2373 334 2435 in
358 2374 438 2435 loca
463 2374 606 2434 deserta
630 2371 797 2451 intrepidi
821 2381 1069 2452 penetrarunt,
1098 2371 1207 2432 silvas
1231 2370 1459 2432 densissimas
1483 2371 1700 2453 exciderunt,
1729 2372 1803 2434 exi·

78 2513 143 2593 guis
166 2513 241 2574 suis
265 2512 365 2574 cellis
390 2522 426 2574 et
450 2512 609 2574 ecclesiis
632 2511 773 2592 signum
791 2510 915 2571 salutis
932 2510 1185 2590 imposuerunt.
1217 2510 1296 2571 Hoc
1319 2511 1425 2571 modo
1450 2510 1591 2572 saeculo
1614 2509 1802 2572 undecimo
1840 2501 1843 2506 ⁵

79 2650 301 2732 Raigradium
317 2652 339 2730 ⁴)
366 2660 403 2712 et
425 2649 785 2731 Monacogradecium
801 2651 824 2729 5)
849 2649 1066 2711 monasteria
1089 2660 1166 2711 orta
1190 2659 1280 2712 sunt.

193 2790 228 2851 A
256 2789 471 2851 monasterio
498 2788 757 2850 Bievnoviensi
789 2806 814 2850 s
846 2787 1044 2869 Procopius
1075 2786 1259 2867 profectus
1288 2787 1439 2868 primum
1471 2788 1506 2849 in
1534 2788 1724 2850 solitudine
1756 2789 1802 2850 ad

83 2925 269 2990 Saczawam
294 2927 445 3007 delituit,
474 2936 600 3007 postea
622 2944 718 3007 ver0,
751 2945 829 2986 cum
855 2925 1045 2988 sanctitate
1069 2925 1144 2987 eius
1174 2927 1373 3005 complures
1400 2926 1460 2988 alii
1484 2926 1731 3008 adlicerentur,
1756 2946 1802 2989 ex

85 3067 160 3147 stipe
176 3069 316 3131 conlata
333 3067 500 3129 sacellum
518 3079 554 3128 et
570 3065 820 3147 monasterium
837 3064 1049 3145 aedificavit,
1072 3066 1108 3127 in
1127 3085 1197 3146 quo
1217 3067 1284 3127 sub
1306 3065 1432 3147 regula
1457 3085 1482 3126 S.
1504 3065 1691 3128 Benedicti
1713 3065 1802 3128 mili·

87 3207 236 3285 13113916).
276 3205 381 3286 Quod
405 3205 607 3286 exemplum
637 3205 743 3267 etiam
767 3204 936 3267 Nicolaus
960 3205 1237 3267 Bievnoviensis
1261 3214 1405 3267 secutus
1429 3203 1464 3265 in
1487 3203 1565 3266 loco
1589 3206 1730 3267 deserto
1755 3207 1802 3268 ad

91 3340 303 3422 Opatovicum
326 3363 439 3425 prope
463 3343 818 3426 Reginogradecium
842 3344 966 3405 cellam
991 3343 1058 3404 sibi
1083 3343 1279 3424 exstruxit,
1310 3362 1356 3404 ex
1380 3362 1450 3423 qua
1473 3352 1601 3424 postea
1623 3353 1800 3405 monaste·

93 3479 159 3541 rium
179 3481 307 3563 prodiit
322 3483 357 3561 ⁷).

194 3620 293 3682 Haec
317 3620 426 3702 igitur
448 3623 663 3684 monasteria
680 3622 840 3685 coloniae
857 3633 959 3685 erant
975 3622 1177 3700 Blevnovii,
1196 3624 1291 3702 quod
1307 3623 1433 3704 ipsum,
1454 3633 1493 3683 ut
1509 3641 1618 3703 supra
1634 3621 1798 3703 diximus,

95 3754 236 3836 originem
271 3779 317 3821 ex
349 3760 564 3822 monasterio
592 3779 618 3824 s.
650 3760 771 3822 Alexii
804 3770 840 3822 et
871 3760 1047 3822 Bonifacii
1078 3762 1244 3823 Romano
1283 3760 1402 3823 traxit.
1453 3759 1586 3822 Verum
1617 3760 1724 3822 etiam
1756 3781 1802 3823 ex

97 3887 253 3958 Germania
278 3899 365 3958 ordo
388 3917 501 3959 novas
525 3898 618 3960 vires
643 3898 793 3979 accepit.
826 3898 1013 3961 Boleslaus
1039 3899 1082 3961 Π.
1107 3899 1199 3960 enirn
1224 3901 1296 3960 dux
1320 3899 1525 3979 Bohemiae,
1550 3909 1720 3979 quantum
1739 3897 1802 3961 filii

197 4183 215 4260 ι)
238 4185 339 4252 Frind,
366 4186 673 4260 Kirchengeschichte
697 4206 758 4243 von
782 4188 925 4243 Bdhmen.

195 4294 214 4374 2)
237 4299 304 4354 Hoc
329 4301 542 4355 monasterium
566 4303 683 4373 magnis
708 4301 838 4357 fortunis
863 4315 1039 4357 exornatum
1057 4315 1129 4358 erat.
1163 4303 1229 4357 Non
1246 4303 1340 4356 minus
1361 4315 1419 4373 129
1437 4303 1495 4356 vici
1512 4300 1559 4356 rel
1577 4301 1656 4355 omni
1674 4300 1800 4366 ratione,

95 4403 129 4457 rel
147 4425 177 4462 ex
199 4424 281 4484 parte
305 4414 332 4466 ei
357 4410 467 4468 subditi
493 4427 587 4468 erant.
620 4411 712 4468 Frind
737 4411 754 4468 l.
781 4431 806 4469 c.
1522 4481 1525 4488 ,

194 4520 216 4599 ³)
238 4525 284 4581 De
307 4524 365 4580 hoc
390 4527 573 4582 monasterio
597 4524 782 4581 exstruendo
814 4539 844 4580 et
877 4525 1051 4581 exornando
1080 4528 1193 4602 optime
1222 4527 1330 4581 meruit
1353 4524 1509 4580 Boleslaus
1534 4525 1571 4580 11.
1610 4525 1678 4579 Dux
1702 4523 1800 4579 Bohe-

93 4630 157 4687 niae.
184 4635 271 4692 Vide:
296 4637 393 4693 Breve
416 4638 590 4695 Chronicon
614 4639 841 4694 Bievnoviense
866 4652 896 4693 et
920 4638 1128 4716 Ziegelbauer,
1153 4639 1337 4695 Geschichte
1361 4656 1421 4693 von
1444 4638 1594 4694 Bievnov.

194 4749 214 4824 ⁴)
238 4749 433 4823 Raigradium
457 4769 555 4826 prope
579 4752 706 4806 Brunam
732 4753 761 4806 in
783 4752 920 4806 Moravia
943 4754 1030 4807 situm
1060 4750 1138 4822 1048
1163 4753 1192 4807 in
1216 4751 1361 4807 honorem
1391 4752 1558 4826 principum
1582 4748 1800 4824 Apostolorum

90 4855 251 4917 aBrerislao
274 4862 297 4917 I.
331 4862 406 4918 duce
431 4862 592 4918 Bohemiae
624 4862 775 4918 conditum
807 4875 837 4918 et
863 4863 1039 4919 Meinhardo
1068 4861 1169 4918 abbati
1200 4864 1416 4919 Bievnoviensi
1447 4861 1586 4918 traditum
1619 4874 1674 4918 est.
1706 4861 1800 4918 Vide:

91 4963 177 5035 Dudik,
198 4972 382 5031 Geschichte
406 4993 466 5032 von
491 4976 633 5049 Raigern‚
659 4976 682 5031 1.

193 5086 213 5160 ⁵)
237 5087 541 5160 Monacogradecium
570 5101 650 5160 1054
675 5089 795 5143 circiter
819 5086 969 5143 conditum
994 5107 1062 5144 esse
1085 5087 1209 5154 dicitur3
1240 5089 1405 5161 nonaginta
1426 5088 1510 5143 annis
1527 5099 1598 5161 post
1622 5087 1651 5140 in
1673 5104 1799 5162 posses·

89 5192 181 5251 sionem
204 5197 447 5254 cisterciensium
471 5197 554 5255 abiit.
593 5200 630 5257 V.
655 5197 801 5263 Schaller‚
826 5199 1048 5274 Topographie
1071 5218 1131 5255 von
1155 5200 1297 5256 Bdhmen.

193 5306 214 5390 ὑ)
237 5312 330 5368 Frind
354 5312 372 5369 1.
399 5330 425 5368 c.
450 5313 472 5368 1.

195 5423 216 5503 7)
239 5425 377 5493 Dobner‚
401 5426 533 5482 Monum.
558 5425 626 5481 hist.
650 5425 773 5481 Bohem.
