4034 6262
568 508 824 576 „99-

124 692 299 753 lomannus
322 691 368 752 ab
393 693 524 755 abbate
545 692 658 755 Mein-

124 822 224 875 ,tatus
240 823 303 893 est,
325 824 361 875 et
383 813 432 874 ibi
453 815 607 877 docebat
623 815 659 877 in

124 954 271 1014 rumque
297 933 333 995 in
361 935 463 1016 lyceo
491 939 537 999 ab
564 957 657 1000 anno

124 1059 249 1118 hanno
270 1060 435 1136 1843-47
455 1059 658 1121 archaeolo-

124 1199 148 1260 1,
169 1178 440 1260 philosophiam,
464 1180 659 1261 explicavit

124 1320 173 1363 :os
183 1299 342 1363 Graecos
353 1311 388 1363 et
397 1300 543 1363 Latinos
557 1312 658 1365 tanto

143 1422 212 1485 illis
228 1422 387 1485 scientiis
408 1442 601 1505 progressu
622 1436 658 1486 et

124 1544 272 1607 eriorum
297 1546 418 1627 laude,
443 1556 482 1607 ut
505 1545 658 1609 facultas

124 1667 356 1729 miversitatis
392 1668 657 1730 Monachiensis

124 1789 368 1871 philosophiae
389 1790 533 1851 honoris
550 1810 658 1852 causa

124 1921 144 1973 et
162 1911 405 1974 discedentem
422 1931 570 1993 praeses
587 1913 657 1973 col-

136 2053 245 2116 aegre
267 2043 303 2095 et
325 2053 403 2095 cum
427 2032 658 2095 honorificen-

124 2155 187 2216 nio
209 2155 390 2218 dimiserit.
416 2155 531 2217 Annis
551 2153 658 2216 inter·

124 2276 232 2338 lessor
253 2275 432 2358 gymnasii
454 2278 499 2338 ad
521 2298 548 2340 s.
564 2278 657 2339 Pau-

124 2418 161 2459 us
178 2399 224 2459 ad
241 2418 267 2459 s.
286 2395 480 2479 Georgium
498 2407 588 2472 erat;
612 2400 657 2460 ab

124 2540 173 2582 im
195 2518 377 2601 professor
399 2520 577 2603 gymnasii
601 2541 657 2582 su-

125 2640 296 2703 furtensis
313 2641 519 2721 explicabat
536 2652 656 2703 aucto-

124 2760 272 2825 }raecos
305 2771 340 2824 et
368 2763 514 2826 Latinos
545 2765 656 2827 multo

124 2887 141 2948 i
154 2887 392 2949 studiosorum
404 2886 548 2957 fructui;
567 2886 656 2948 istos

124 3028 168 3070 'es
184 3017 291 3069 noctu
309 3008 440 3088 diuque
457 3027 561 3070 manu
577 3028 656 3070 ver-

124 3131 218 3192 tdum
239 3149 380 3210 semper
399 3138 556 3211 paratus
581 3130 655 3192 An-

126 3272 147 3313 a
160 3253 391 3329 descendens
408 3252 454 3313 ad
467 3272 494 3314 S.
504 3228 654 3313 Paulum

124 3374 151 3436 is
164 3395 297 3436 vacans
311 3382 346 3436 et
359 3377 514 3456 parocho
527 3395 655 3456 coope-

124 3518 132 3556 >
144 3497 179 3559 in
189 3497 334 3559 Tirolim
347 3497 529 3579 profectus
539 3498 654 3560 Brixi-

126 3639 171 3681 ex
188 3619 393 3700 pulmonum
410 3618 655 3681 inflammatio-

124 3750 162 3802 :t
176 3739 233 3821 pie
248 3739 282 3801 in
295 3739 448 3802 Domino
466 3741 654 3803 defunctus

124 3863 237 3923 nultae
264 3862 487 3943 eruditionis,
511 3873 655 3944 praeter

124 4005 140 4045 s
155 3982 328 4046 Gallicam
342 3995 376 4045 et
389 3985 548 4047 Italicam
561 3986 653 4047 bene

124 4118 168 4181 ης
186 4115 263 4168 erat
276 4107 394 4187 polita,
408 4106 556 4187 egregia
569 4127 652 4188 poe·
692 4090 695 4237 Ι

739 695 962 752 Vindelicorum
978 697 1046 751 XII.
1064 695 1213 752 Calendas
1230 694 1314 772 Sept.
1331 700 1399 753 anni
1418 696 1497 769 1838
1514 699 1571 753 rite

740 798 936 857 celebrandas
957 803 1062 856 invitat
1078 801 1316 857 Carolomannus
1332 801 1415 870 Flor,
1439 801 1569 877 philolo·

739 906 808 978 giae
828 917 858 961 et
879 905 1023 961 historiae
1046 906 1076 959 in
1100 905 1186 979 lyceo
1210 904 1376 980 professor.
1401 905 1569 980 Augustae,

739 1010 820 1084 typis
836 1010 1038 1065 Lauterianis.
1055 1008 1155 1064 LXXI
1172 1028 1201 1084 p.
1219 1015 1261 1082 4⁰.

825 1114 863 1169 11.
880 1113 938 1169 Die
954 1112 1118 1170 classische
1131 1113 1263 1169 Lectdre
1278 1132 1347 1169 vom
1359 1111 1571 1189 Standpunkte

738 1216 792 1272 der
808 1217 1001 1273 christlichen
1016 1215 1233 1291 Anschauung.
1251 1212 1280 1293 (i.
1298 1235 1324 1273 e.
1340 1217 1387 1272 De
1403 1217 1494 1274 modo
1510 1217 1570 1274 lec·

739 1336 825 1377 turae
841 1319 1044 1399 christianae.)
1068 1322 1246 1394 Programm
1271 1320 1324 1377 des
1348 1321 1377 1377 k.
1400 1321 1429 1377 k.
1452 1321 1571 1379 Staats·

738 1426 944 1500 gymnasiums
956 1445 992 1480 zu
1005 1424 1187 1499 Klagensurt
1203 1444 1250 1480 am
1266 1424 1411 1482 Schlusse
1428 1425 1482 1482 des
1498 1425 1569 1483 Stu-

738 1529 907 1604 dienjahres
928 1527 1018 1601 1855.
1043 1529 1149 1585 Druck
1173 1527 1221 1586 bei
1245 1530 1362 1606 Johann
1383 1531 1479 1586 Leon.
1505 1550 1535 1606 p.
1556 1546 1568 1587 1

737 1651 833 1707 -44·
851 1632 893 1691 8⁰·

824 1739 877 1795 111.
891 1739 949 1794 Die
962 1738 1126 1795 classische
1135 1739 1267 1795 Lectdre
1279 1758 1350 1795 vom
1360 1737 1571 1814 Standpunkte

737 1843 791 1899 der
818 1842 1012 1900 christlichen
1039 1843 1255 1918 Anschauung.
1287 1840 1372 1921 (Item
1400 1857 1432 1900 ut
1459 1841 1571 1922 supra.)

738 1949 938 2021 Fortsetzung
961 1946 1021 2003 und
1043 1944 1179 2003 Schluss
1208 1949 1383 2022 Programm
1412 1948 1466 2004 des
1488 1948 1518 2004 k.
1541 1948 1570 2004 k.

738 2050 951 2126 Gymnasiums
977 2071 1012 2106 zu
1041 2050 1229 2125 Klagensart.
1260 2051 1317 2107 Am
1345 2050 1490 2109 Schlusse
1518 2052 1571 2108 des

738 2155 966 2230 Studienjahres
987 2153 1077 2227 1856.
1099 2154 1288 2229 Klageniurt,
1306 2155 1412 2212 Druck
1427 2175 1488 2213 von
1503 2157 1570 2232 Joh.

738 2261 833 2316 Leon.
852 2279 881 2335 p.
903 2257 1015 2316 1—86.
1033 2256 1076 2316 8⁰.

824 2365 875 2421 IV.
898 2365 959 2420 Zur
978 2362 1161 2420 Geschichte
1182 2362 1237 2419 der
1257 2363 1410 2438 Pelasger.
1432 2362 1462 2443 (i.
1479 2383 1506 2420 e.
1524 2364 1571 2420 Ad

736 2469 891 2525 historiam
923 2469 1118 2542 Pelasgorum
1150 2464 1274 2545 notata.)
1310 2469 1486 2542 Programm
1517 2468 1571 2524 des

736 2573 766 2629 k.
787 2574 817 2630 k.
839 2572 1051 2647 Gymnasiums
1074 2591 1110 2627 zu
1132 2570 1319 2647 Klageniurt.
1344 2572 1401 2629 Am
1424 2570 1570 2629 Schlusse

737 2678 791 2735 des
808 2677 1035 2752 Studienjahres
1056 2675 1146 2748 1859.
1171 2675 1359 2750 Klagenfurt,
1382 2676 1488 2732 Druck
1508 2696 1569 2733 von

735 2784 801 2859 Joh.
820 2784 916 2839 Leon.
934 2803 963 2859 p.
985 2796 1096 2854 1—72.
1114 2779 1156 2837 8⁰.

822 2887 858 2943 V.
883 2888 943 2942 Zur
966 2884 1150 2942 Geschichte
1174 2883 1228 2941 der
1251 2884 1405 2959 Pelasger.
1431 2880 1516 2962 (Item
1538 2899 1571 2941 ut

736 2989 850 3070 supra.)
863 2990 998 3048 Schluss
1016 2992 1192 3064 Programm
1205 2989 1259 3046 des
1272 2989 1302 3045 k.
1313 2990 1342 3046 k.
1357 2988 1570 3065 Gymnasiums

735 3117 770 3152 zu
801 3094 982 3169 Klagenfurt
1013 3113 1059 3150 am
1087 3093 1231 3151 Schlusse
1262 3094 1315 3150 des
1343 3093 1570 3169 Studienjahres

740 3200 830 3258 1860.
855 3198 1044 3273 Klagensurt,
1067 3197 1172 3254 Druck
1192 3197 1241 3255 bei
1256 3199 1323 3274 Joh.
1341 3200 1438 3255 Leon.
1460 3219 1489 3275 p.
1511 3215 1572 3256 1—

736 3320 786 3379 59·
804 3302 846 3362 8⁰·

821 3408 872 3465 Vl.
906 3406 1007 3464 Ueber
1039 3409 1106 3463 eine
1133 3407 1321 3464 hetrurischc
1348 3408 1489 3465 Inschrist
1519 3408 1574 3464 aus

735 3516 817 3570 einer
827 3512 942 3588 Sphinx
953 3531 1014 3568 von
1022 3512 1148 3569 Bronze.
1162 3508 1191 3590 (i.
1202 3531 1229 3567 e.
1239 3513 1400 3588 Inscriptio
1409 3513 1570 3569 Etruscica

735 3621 764 3674 in
777 3619 884 3693 sphinx
896 3614 1007 3695 aerea.)
1020 3614 1221 3690 Abgedruckt
1233 3619 1270 3673 im
1284 3616 1397 3673 Archiv
1409 3616 1456 3673 fiir
1469 3632 1569 3673 vater·

735 3722 886 3778 landische
904 3721 1088 3778 Geschichte
1106 3722 1164 3778 und
1180 3722 1410 3797 Topographie.
1434 3723 1568 3778 Heraus·

734 3824 874 3901 gegeben
890 3844 951 3881 ron
967 3825 1034 3882 dem
1051 3826 1251 3882 historischen
1264 3826 1394 3882 Vereine
1410 3824 1457 3881 fiir
1469 3826 1569 3880 Karn-

735 3945 794 3988 ten.
819 3931 1008 4006 lilagenfurt,
1033 3931 1137 3987 Druck
1161 3949 1221 3987 von
1241 3932 1267 4007 J.
1290 3931 1387 3986 Leon.
1412 3946 1441 4001 4.
1464 3929 1568 4005 Jahrg.

738 4034 829 4107 1858.
847 4055 875 4111 p.
894 4050 1032 4108 22—30.
1051 4035 1093 4093 8⁰.

819 4139 886 4196 VII.
904 4138 1005 4197 Ueber
1022 4141 1088 4196 eine
1105 4139 1203 4194 kleine
1216 4137 1367 4195 bronzene
1380 4137 1497 4213 Sphinx
1509 4155 1568 4218 pus

124 4229 255 4291 *Slfflum
272 4228 399 4290 Ῑιᾶῒῐῐῐθ
417 4248 547 4310 magna
567 4228 653 4290 faci·
675 4244 695 4311 Ἰ
734 4242 974 4318 Siebenbtirgen.
993 4241 1021 4322 (i.
1037 4263 1063 4300 e.
1081 4243 1196 4320 Sphinx
1213 4261 1308 4318 parva
1324 4261 1414 4298 aerea
1427 4244 1456 4297 in
1468 4240 1568 4296 Tran-

124 4400 135 4433 ‚
157 4361 193 4413 et
209 4352 266 4413 vel
288 4350 322 4413 in
348 4350 651 4432 ephemeridibus:

124 4472 230 4555 tipus,
258 4474 315 4534 vel
348 4473 432 4534 data
464 4473 652 4535 occasione

124 4595 278 4676 xpressit
295 4607 482 4676 praeterea
503 4593 652 4656 societa-

124 4735 161 4778 το
177 4715 310 4779 Suevia
326 4726 361 4778 et
379 4715 559 4779 Carinthia
577 4725 654 4777 erat

124 4848 196 4901 :tus
217 4840 262 4900 ad
284 4839 566 4907 deliberandum:
587 4857 652 4899 nec

127 4959 264 5021 demiae
284 4959 401 5042 „degli
418 4959 578 5039 Quiriti“.

128 5098 204 5161 eius
213 5099 347 5180 scripta
356 5099 453 5180 typis
466 5099 653 5179 impressa:

123 5260 160 5298 ae
181 5243 356 5317 tragoediae
378 5244 573 5318 praestantia,
595 5259 654 5315 qua
692 5212 696 5239 Ι

126 5365 159 5402 es
186 5349 215 5403 in
238 5349 324 5421 regio
348 5349 483 5403 instituto
508 5347 654 5402 litterario

124 5451 205 5506 tionis
218 5450 255 5506 ad
268 5470 292 5506 s.
303 5449 488 5526 Stephanum
498 5449 654 5522 Augustae

734 4350 869 4424 sylvania
885 4346 1027 4427 inventa.)
1047 4348 1170 4416 Archiv,
1188 4363 1217 4420 4.
1233 4348 1336 4423 Jahrg.
1361 4367 1390 4423 p.
1408 4360 1567 4419 95—110.

819 4472 901 4528 Vlll.
925 4469 1025 4528 Ueber
1046 4471 1093 4526 die
1114 4470 1291 4526 erloschene
1312 4468 1502 4526 etruskische
1519 4470 1568 4524 ln·

734 4576 839 4633 schrist
854 4595 901 4631 am
919 4574 1120 4650 Spitzelsofen
1137 4575 1166 4630 in
1179 4574 1409 4630 Unterkarnten.
1428 4569 1457 4650 (i.
1474 4591 1500 4629 e.
1519 4573 1567 4628 ln·

733 4683 859 4756 scriptio
873 4679 970 4736 deleta
983 4680 1142 4736 Etruscica
1158 4681 1187 4734 i'n
1204 4675 1427 4757 Spitzelsosen.)
1441 4677 1564 4745 Archiv,

734 4800 762 4858 5.
779 4785 882 4861 Jahrg.
905 4781 995 4841 1860.
1013 4803 1042 4859 p.
1060 4782 1220 4856 89-110.

821 4906 872 4961 IX.
889 4902 990 4961 Ueber
1005 4903 1064 4960 den
1079 4903 1195 4977 seligen
1211 4904 1374 4970 Domitian,
1392 4903 1516 4977 Herzog
1537 4905 1567 4958 in

734 5013 879 5068 Karnten.
905 5006 934 5086 (i.
952 5028 978 5065 e.
1000 5009 1084 5064 Beat.
1102 5008 1266 5076 Domitian,
1289 5009 1348 5065 dux
1369 5005 1566 5086 Cariathiae.)

733 5115 856 5182 Archiv,
868 5114 902 5187 7.
918 5113 1021 5188 Jahrg.
1043 5110 1133 5170 1862.
1150 5132 1180 5188 p.
1203 5127 1315 5184 1—32.

820 5238 857 5293 X.
875 5233 976 5293 Ueber
992 5237 1040 5291 ein
1057 5234 1230 5291 Pestkreuz.
1248 5230 1277 5312 (i.
1291 5253 1317 5291 e.
1332 5235 1379 5290 De
1392 5249 1481 5288 cruce
1494 5250 1566 5288 con·

735 5357 780 5399 tra
806 5354 922 5418 pestem
950 5335 1073 5417 erecta.)
1104 5338 1230 5406 Archiv,
1264 5352 1310 5394 10.
1338 5336 1440 5414 Jahrg.
1473 5333 1565 5393 1866.

734 5467 764 5523 p.
783 5458 962 5520 243—252.

1307 5544 1356 5603 13*
