4034 6262
670 515 952 586 „501-

126 708 183 782 732
205 723 252 765 11.
269 703 359 767 Nov.
380 703 415 764 in
432 723 556 765 manus
573 702 768 785 praepositi

124 825 285 887 ollemnia
297 825 414 887 emisit
426 835 520 888 vota.
544 824 680 889 Studiis
693 825 768 907 phi-

124 968 132 1009 1
162 957 197 1010 et
227 948 439 1029 theologicis
470 947 642 1011 absolutis
674 947 769 1009 domi

124 1088 140 1130 o
156 1069 324 1150 initiatur,
346 1090 393 1131 10.
411 1070 473 1132 Iul.
496 1088 578 1149 1740
595 1069 769 1150 primitias

124 1199 149 1252 rt
165 1191 284 1252 statim
309 1192 537 1254 constituitur
559 1193 605 1253 ad
627 1201 769 1271 tempus

132 1311 342 1375 infirmarius
358 1323 394 1376 et
407 1313 612 1395 praefectus
629 1313 768 1376 culinae

124 1453 171 1495 ern
194 1446 368 1517 vergente
391 1455 484 1498 anno
507 1438 619 1499 hocce
642 1436 768 1498 biblio·

124 1605 133 1637 ,
158 1557 253 1637 quod
277 1576 414 1638 munus
436 1558 611 1620 interdurn
628 1558 767 1621 concio-

124 1679 204 1739 ebus
227 1677 346 1761 festis,
371 1698 437 1759 per
460 1681 631 1742 tredecim
655 1700 767 1742 annos

124 1800 233 1862 uibus
260 1800 296 1861 in
323 1800 478 1881 negotiis
507 1820 599 1863 anno
628 1805 705 1880 1753
731 1801 766 1864 in

124 1923 151 1984 io
179 1942 206 1986 s,
232 1923 375 1985 Ioannis
400 1925 466 1985 sub
490 1943 578 2004 rupe
602 1934 766 1987 versatus

124 2065 177 2106 um
195 2054 263 2117 est3
286 2044 413 2107 litteris
437 2047 481 2106 de
505 2046 562 2107 die
587 2050 637 2108 25.
661 2046 765 2108 Mart.

124 2175 214 2229 tatus
224 2167 464 2229 Bievnovium
479 2170 545 2249 „ob
554 2167 766 2249 gravissima

124 2288 143 2349 ii
156 2287 329 2369 Raigrad.
347 2289 491 2370 negotia
508 2310 546 2352 se
563 2289 766 2352 adfuturum

124 2411 140 2473 ¹.
169 2408 480 2471 Verosimillimum
505 2420 574 2492 est,
599 2413 766 2473 abbatem

124 2550 240 2593 ensem
249 2552 295 2593 ex
304 2551 347 2593 eo
357 2541 449 2594 teste
459 2533 599 2594 oculato
611 2533 646 2594 in
659 2553 767 2595 causa

124 2652 347 2734 tigradiensis
368 2655 543 2734 quaedam
567 2653 689 2716 audire
705 2674 766 2717 vo-

124 2795 188 2837 nno
211 2774 376 2855 sequenti
404 2780 483 2854 1754
508 2795 628 2837 mense
649 2775 767 2856 Aprili

123 2916 172 2958 1111
203 2896 394 2958 remittitur
421 2895 573 2978 Cyrillus
604 2907 640 2958 et
670 2896 767 2977 prior

124 3018 294 3080 nstitutus
311 3027 375 3099 est,
400 3027 439 3080 ut
462 3018 671 3098 disciplinae
695 3020 765 3081 col-

124 3160 156 3201 16
169 3139 425 3220 aliquantulum
435 3142 644 3202 mederetur.
662 3141 764 3202 Post·

124 3281 184 3342 ep.
203 3261 425 3323 Aemilianus
449 3264 495 3323 ob
515 3262 625 3325 vitam
650 3263 764 3325 minus

133 3392 205 3445 tarn
218 3383 253 3445 in
265 3383 521 3464 temporalibus
531 3404 636 3465 quam
645 3384 681 3446 in
693 3385 763 3466 spi·

137 3525 331 3585 suspensus
347 3506 425 3586 fuit,
448 3505 601 3588 Cyrillus
617 3507 764 3568 admini-

124 3626 285 3690 ›nasterii
301 3637 356 3690 est
370 3629 583 3690 constitutus
600 3633 690 3709 1756,
704 3629 764 3710 qui

124 3751 215 3812 edire
239 3771 308 3811 non
333 3759 491 3830 poterat,
520 3750 706 3830 quominus
729 3751 764 3812 in

126 3893 169 3934 116
185 3892 301 3934 rerum
319 3872 526 3934 confusione
543 3892 707 3954 agrorum
729 3881 765 3934 et

143 4014 226 4074 pars
254 4004 310 4055 sat
337 4014 484 4075 magna,
513 3993 612 4056 cuius
640 3994 764 4055 titulus

124 4115 171 4177 nis
188 4136 306 4177 coram
323 4116 569 4178 commissione
589 4114 762 4178 rectifica-

124 4256 231 4299 :orum
241 4238 493 4299 declararinon
502 4247 653 4318 poterat,
664 4236 764 4300 amit-

123 4359 221 4421 ltima
230 4359 317 4420 Maii
329 4363 407 4437 1756
417 4360 633 4420 neo-electus
641 4377 764 4440 praep.

124 4500 187 4542 ura
212 4479 311 4541 Piter
338 4480 530 4560 capitulum
559 4478 763 4561 celebravit,

124 4601 218 4663 rillus
231 4611 351 4663 noster
364 4623 385 4663 a
398 4603 555 4683 prioratu
569 4602 763 4684 absolutus,

130 4725 165 4786 in
178 4725 360 4787 Boemiam
378 4724 541 4805 dirigitur
556 4725 592 4785 in
609 4724 764 4805 exilium,

124 4845 257 4908 'ratrum
272 4857 434 4925 tempore
450 4845 766 4908 administrationis

124 4988 163 5028 im
198 4968 416 5047 plancturus.
456 4966 647 5030 Subsecuti
681 4977 765 5029 tunc

124 5098 152 5151 et
176 5098 328 5151 terrores
353 5088 543 5168 Borussici‚
569 5089 613 5149 de
638 5087 766 5169 quibus

124 5212 197 5272 ensi
222 5230 313 5273 mon.
334 5209 443 5272 refert
464 5210 670 5290 praeposito
691 5230 765 5292 suo,

124 5333 149 5392 le
166 5351 294 5414 magno
312 5331 404 5392 illius
421 5330 586 5393 asceterii
602 5330 766 5392 incendio

124 5454 189 5516 11111
212 5459 301 5535 1757,
326 5453 425 5514 cuius
449 5461 631 5533 spectator
650 5452 767 5514 fuerat

848 708 885 762 et
900 701 1013 765 testis.
1037 701 1200 768 Aestatis
1216 713 1375 784 tempore
1397 707 1443 766 ad
1460 717 1610 787 penates
1626 727 1679 769 re-

847 840 973 883 versus
989 822 1067 884 dies
1084 843 1176 906 suos,
1198 824 1297 887 varie
1317 838 1522 909 occupatus,
1544 829 1679 908 praeci-

848 963 918 1024 pue
936 944 1179 1008 concionando
1197 956 1233 1008 et
1245 949 1487 1011 confessiones
1500 951 1678 1013 audiendo

848 1084 961 1147 usque
977 1067 1024 1128 ad
1042 1087 1091 1145 72.
1109 1069 1239 1131 aetatis
1256 1090 1385 1132 annum
1402 1071 1590 1153 protraxit,
1608 1092 1678 1153 quo

848 1187 967 1249 senior
983 1188 1108 1250 domus
1124 1189 1292 1272 migravit
1315 1194 1361 1254 ad
1386 1192 1564 1255 dominum
1585 1214 1678 1256 anno

852 1312 930 1386 1782
959 1330 1005 1387 14.
1022 1310 1117 1392 Aug.
1142 1309 1267 1374 Sermo
1283 1312 1465 1393 hucusque
1482 1313 1519 1375 in
1535 1326 1677 1377 nostrae

848 1430 974 1491 domus
997 1431 1155 1513 historia,
1180 1432 1220 1494 P.
1238 1432 1407 1515 Cyrillum
1430 1434 1541 1497 fuisse
1564 1436 1677 1498 virum

847 1550 960 1613 forma
968 1572 1053 1614 vere
1063 1553 1230 1616 herculea
1243 1553 1348 1616 immo
1361 1555 1599 1638 imperatoria,
1612 1560 1678 1617 sub

848 1692 918 1752 qua
933 1692 1018 1736 vero
1040 1675 1244 1738 occultabat
1265 1686 1423 1739 ascetam
1445 1679 1677 1760 praeclarum,

846 1801 886 1855 ut
900 1805 1053 1876 apparet
1069 1815 1116 1858 ex
1132 1797 1301 1878 operibus
1318 1798 1394 1860 eius
1415 1799 1450 1861 in
1466 1819 1529 1862 ms.
1546 1800 1678 1862 relictis

847 1922 883 1976 et
899 1917 995 1997 apud
1011 1936 1076 1979 nos
1092 1918 1307 1981 adservatis:

933 2061 956 2117 1.
979 2061 1132 2119 Institutio
1156 2063 1309 2138 religiosa,
1335 2065 1464 2139 qualiter
1487 2067 1605 2121 noviter
1626 2084 1678 2121 ve·

847 2164 932 2220 niens
955 2164 993 2221 ad
1014 2169 1244 2224 conversionem
1266 2186 1300 2224 se
1320 2187 1428 2242 gerere
1445 2167 1554 2225 debeat
1570 2188 1677 2225 secun·

846 2266 914 2323 dum
938 2270 1072 2343 regulam
1097 2290 1122 2327 s.
1139 2272 1171 2328 P.
1188 2272 1223 2328 N.
1246 2285 1277 2327 et
1296 2284 1409 2327 statuta
1431 2275 1677 2347 congregationis

846 2385 978 2430 nostrae.
1001 2374 1076 2431 Cod.
1095 2394 1164 2451 pap.
1182 2376 1272 2432 Tom.
1289 2377 1311 2432 l.
1334 2378 1398 2432 sine
1414 2395 1484 2451 pag.
1502 2378 1531 2431 in
1548 2382 1590 2448 4⁰.
1613 2378 1677 2432 sine

847 2495 945 2552 comp.
961 2479 1038 2534 Msn.
1057 2494 1095 2552 45
1114 2475 1160 2557 (l).
1178 2478 1264 2553 Sign.
1281 2479 1357 2551 lilK.
1375 2480 1397 2535 l.
1416 2490 1444 2536 2.
1462 2495 1491 2552 4.

933 2600 970 2657 Il.
1002 2599 1206 2676 Antiphonale
1240 2599 1461 2658 benedictinum
1498 2600 1676 2676 dispositum

847 2704 928 2759 iuxta
949 2702 1131 2761 breviarium
1157 2707 1330 2762 monasterii
1355 2724 1435 2762 mon.
1459 2724 1515 2782 pro
1539 2704 1677 2761 omnibus

846 2805 903 2864 sub
919 2809 1024 2882 regula
1039 2827 1064 2864 s,
1078 2809 1109 2865 P.
1124 2809 1276 2865 Benedicti
1289 2808 1498 2877 militantibus;
1513 2809 1607 2866 finivit
1619 2810 1677 2865 hoc

845 2911 1022 2986 opusculum
1040 2913 1072 2969 P.
1090 2912 1220 2987 Cyrillus
1237 2913 1374 2987 Wagner
1390 2915 1492 2970 senior
1508 2926 1676 2969 conventus

845 3034 923 3072 anno
944 3029 1003 3073 aet.
1026 3014 1076 3073 68.
1107 3015 1198 3091 1778.
1222 3018 1296 3093 Pap.
1321 3019 1377 3073 Ms.
1400 3020 1429 3073 in
1449 3017 1498 3074 fol.
1516 3035 1585 3093 pag.
1603 3016 1676 3090 496.

843 3120 900 3175 N0.
919 3118 978 3192 643
999 3123 1027 3176 in
1044 3121 1118 3178 eccl.
1135 3122 1258 3178 claustr.
1275 3121 1477 3178 adservatum.

931 3244 984 3301 Ill.
997 3224 1176 3300 Psalterium
1188 3243 1412 3300 Benedictinum
1425 3262 1481 3319 per
1493 3242 1584 3299 horas
1597 3241 1677 3298 diur-

845 3367 898 3405 nas
915 3349 1094 3429 dispositum
1109 3366 1148 3404 a.
1162 3389 1170 3403 .
1184 3389 1191 3404 .
1208 3350 1330 3404 seniore
1348 3361 1513 3404 conventus
1526 3359 1584 3403 aet.
1598 3365 1677 3402 anno

847 3466 896 3527 70.
911 3471 1030 3511 conscr.
1053 3451 1142 3525 1780.
1159 3452 1233 3528 Pap.
1247 3453 1302 3508 Ms.
1317 3450 1446 3524 Νο.646
1460 3451 1552 3508 insol.
1569 3451 1676 3527 Comp.

844 3577 909 3616 cor.
927 3558 1000 3614 folia
1020 3571 1088 3628 113.
1106 3557 1140 3612 In
1156 3559 1291 3612 oratorio
1308 3555 1489 3631 depositum.

932 3694 1125 3757 Hortorum
1162 3693 1321 3755 culturae
1356 3700 1499 3772 praeter
1534 3698 1677 3752 caetera

845 3835 1070 3896 summopere
1097 3815 1266 3877 studebat
1290 3811 1444 3894 Cyrillus
1467 3818 1606 3891 noster,
1630 3813 1676 3871 ob

846 3936 945 4002 cuius
962 3957 1117 4000 amorem
1134 3936 1284 3998 eundem
1302 3934 1456 3995 societas
1469 3933 1610 4012 privata
1625 3933 1677 3993 rei

844 4059 1058 4123 hortulariae
1083 4058 1226 4119 Brunae
1254 4055 1412 4118 existens
1440 4053 1588 4135 speciali
1617 4055 1676 4114 de-

846 4191 943 4246 creto
972 4179 1160 4263 legalizato
1187 4179 1280 4240 inter
1307 4196 1390 4238 suos
1416 4175 1575 4255 suscepit
1598 4195 1677 4237 cum

845 4303 1053 4387 praedicato
1069 4300 1217 4386 „nobilis
1230 4301 1274 4362 de
1284 4297 1460 4362 Trieolor“
1475 4317 1568 4359 anno
1585 4302 1676 4376 1768.

846 4426 1009 4509 Sigillum
1038 4426 1182 4486 decreto
1212 4441 1409 4504 appensum
1433 4419 1676 4501 circumscrip-

845 4549 977 4612 tionem
1001 4547 1095 4610 circa
1116 4543 1267 4627 figuram
1288 4543 1416 4606 Florae
1440 4541 1598 4604 sedentis
1622 4561 1676 4603 se-

846 4679 1013 4753 quentem
1024 4668 1148 4730 habet:
1161 4664 1343 4750 „Sigillum
1351 4664 1674 4745 lariophilistarum‚

845 4794 912 4856 hoc
928 4790 1015 4853 flore
1033 4789 1120 4852 nihil
1135 4785 1345 4871 1111161111115.α

932 4959 1125 5052 Wagner
1155 4963 1435 5029 Laurentius
1464 4963 1675 5043 Iosephus

846 5089 906 5171 (de
929 5107 956 5149 s.
972 5087 1114 5148 Monte
1130 5083 1394 5164 Pannoniae),
1420 5101 1447 5142 s.
1472 5079 1675 5162 theologiae

845 5209 1059 5289 licentiatus
1086 5206 1299 5270 secretarius
1319 5205 1365 5268 ill.
1389 5223 1430 5266 ac
1450 5222 1523 5266 rev.
1545 5201 1676 5263 domini

845 5328 1106 5410 archiabbatis,
1138 5327 1304 5409 Sopronii
1335 5325 1493 5387 eiusdem
1524 5341 1612 5385 com.
1641 5322 1677 5384 in

846 5450 1033 5536 Hungaria
1057 5449 1114 5511 die
1141 5471 1165 5512 1.
1182 5448 1286 5510 Mart.
1308 5451 1385 5524 1841
1413 5454 1527 5525 natus,
1551 5443 1676 5505 habitu
