4088 6270
762 533 804 542 -
849 496 970 560 XCIII
1015 535 1054 543 -

67 720 179 802 zellner,
201 719 386 782 Modestus
410 720 526 802 Piirzl,
551 718 755 802 Stephanus
779 722 1058 805 Rudenberger,
1083 723 1323 807 Wolfgangus
1346 727 1488 809 Pledel,
1518 699 1767 810 sigismundus

71 855 304 920 llochkirchner
327 860 440 920 abbas
464 860 703 941 (1543-1505)
733 869 815 923 sunt
837 860 995 943 insignes
1011 863 1044 944 ¹).
1091 861 1159 943 Qui
1188 864 1222 925 in
1252 866 1466 928 monasterio
1495 868 1541 928 ad
1569 886 1596 929 s.
1620 866 1765 929 Petrum

79 995 236 1080 Salisburgi
259 997 394 1080 scripta
416 997 617 1081 theologica
632 998 688 1061 his
704 999 922 1081 temporibus
944 1000 1164 1081 tradiderint,
1181 1003 1370 1065 maximam
1388 1013 1526 1084 partem
1543 1004 1764 1087 ignoramus;

83 1138 126 1198 sed
142 1136 245 1199 schola
268 1137 314 1199 ad
339 1156 366 1198 s.
384 1137 529 1199 Petrum
554 1157 597 1200 ea
620 1145 739 1200 aetate
762 1136 891 1200 florens
914 1138 1117 1200 testimonio
1142 1148 1205 1221 est,
1229 1141 1264 1202 in
1285 1142 1351 1204 hac
1375 1143 1620 1224 antiquissima
1635 1143 1767 1206 ordinis

83 1275 158 1338 nostri
176 1276 256 1338 sede
279 1275 424 1337 saeculo
448 1274 530 1338 XV.
560 1285 596 1339 et
619 1277 762 1339 saeculo
786 1276 899 1358 XVI,
931 1296 1000 1358 quo
1028 1277 1118 1340 falsa
1143 1279 1288 1342 Lutheri
1318 1280 1479 1343 doctrina
1500 1300 1571 1343 non
1594 1281 1708 1363 magis
1731 1281 1766 1343 in

85 1414 128 1474 hoc
144 1413 341 1476 monasterio
366 1434 471 1495 quam
495 1414 530 1476 in
546 1414 801 1478 Lunaelacensi
817 1415 1010 1478 consistere
1034 1428 1186 1500 poterat,
1211 1419 1366 1481 studium
1385 1418 1581 1481 litterarum
1597 1418 1765 1501 viguisse.

85 1550 194 1631 Quorum
221 1553 363 1616 nomina
394 1554 440 1615 ad
467 1565 624 1617 nostram
651 1563 890 1637 pervenerunt
913 1555 1132 1637 memoriam,
1163 1565 1246 1618 sunt
1268 1557 1396 1619 Erhart
1419 1556 1566 1638 Lomptz
1582 1558 1605 1637 ²)
1629 1556 1766 1635 Abbas‚

83 1686 235 1772 Simplicius
258 1700 295 1754 et
317 1691 485 1755 Kilianus
507 1694 684 1772 monachi,
714 1693 774 1775 qui
796 1694 881 1756 iuris
905 1694 1066 1757 canonici
1089 1695 1194 1776 periti
1219 1696 1451 1758 celebrantur.

172 1829 336 1895 Similiter
359 1831 581 1913 theologicae
611 1831 819 1913 disciplinae
849 1833 1003 1896 studium
1033 1833 1068 1895 in
1099 1833 1313 1896 monasterio
1344 1836 1390 1896 ad
1421 1855 1447 1896 s
1471 1835 1700 1897 Lambertum
1730 1836 1764 1897 in

80 1960 155 2029 Stiria
177 1968 323 2032 florebat
353 1969 506 2032 maxime
537 1970 760 2052 praesulibus
790 1970 984 2052 Rudolpho
1014 1972 1058 2033 de
1080 1929 1304 2055 Lichtenegg
1337 1975 1603 2056 (1387-1419),
1635 1973 1695 2055 qui
1720 1974 1766 2036 ob

77 2104 218 2169 scientiam
237 2108 503 2190 disciplinarum
527 2109 808 2192 theologicarum
822 2119 971 2173 vocatus
988 2121 1042 2174 est
1056 2112 1080 2192 ³)
1104 2112 1151 2173 ad
1167 2109 1352 2172 concilium
1369 2108 1651 2193 Constantiense,
1668 2111 1765 2174 Hen-

75 2238 128 2304 rico
141 2245 279 2329 Moyker
292 2249 316 2329 ⁴)
342 2248 591 2329 (1419-1455),
615 2248 747 2310 Ioanne
763 2247 807 2311 ΙΙ.
832 2246 1035 2311 Schachner
1057 2249 1305 2330 (1455-1478),
1330 2248 1390 2329 qui
1413 2258 1612 2330 tractatum,
1639 2269 1766 2332 „super

10 2370 15 2447 l
72 2384 222 2456 passione“
239 2385 393 2467 scripsit,
417 2387 550 2449 Ioanne
565 2385 627 2448 ΠΙ.
652 2384 764 2448 Sachs
782 2386 1031 2468 (1478-1518),
1057 2386 1116 2467 qui
1141 2406 1294 2469 „morum
1319 2389 1482 2469 candore,
1507 2387 1641 2469 pietate
1657 2398 1764 2468 atque

70 2519 185 2584 scientia
207 2523 401 2607 „omnibus
426 2524 486 2606 qui
502 2524 584 2587 ante
600 2523 752 2606 fuerunt,
777 2524 997 2606 praestitisse
1015 2524 1201 2587 dicebatur
1225 2536 1261 2588 et
1284 2525 1545 2607 disputationes
1569 2545 1638 2588 non
1661 2524 1764 2606 parvi

67 2662 218 2724 momenti:
250 2664 295 2725 de
327 2662 579 2745 suscipiendis,
610 2663 805 2744 probandis
837 2673 872 2725 et
901 2683 966 2744 per
995 2662 1253 2745 professionem
1282 2664 1517 2744 suscipiendis
1540 2663 1703 2726 novitiis“
1729 2675 1765 2726 et

68 2795 120 2871 „de
136 2800 236 2863 tribus
259 2801 690 2864 substantialibus·votis“
716 2802 826 2865 edidit
840 2804 874 2883 ⁵).
922 2801 1059 2882 Quibus
1090 2802 1335 2865 illustrissimis
1362 2803 1448 2866 viris
1477 2803 1711 2885 regnantibus
1741 2823 1761 2864 a

66 2938 273 3018 compluribus
297 2939 479 3002 monachis
502 2939 537 3001 in
560 2940 740 3021 publicum
764 2941 971 3022 prodierunt
1000 2907 1269 3003 dissertationes
1298 2941 1539 3023 theologicae,
1570 2940 1606 3002 in
1637 2940 1764 3021 quibus

64 3089 228 3141 memoratu
251 3079 382 3162 dignus
406 3089 478 3142 est:
509 3088 703 3162 „tractatus
728 3081 772 3141 de
796 3089 1018 3143 sacramento
1042 3079 1303 3161 poenitentiae“
1334 3100 1355 3141 a
1383 3079 1531 3142 Nicolao
1554 3078 1765 3140 Landecker

64 3218 259 3299 compositus,
285 3227 321 3280 et
344 3217 589 3299 Christophori
612 3217 833 3282 Schleicher:
859 3218 995 3300 ,Notae
1019 3218 1331 3281 commentatoriae
1355 3218 1390 3280 in
1413 3218 1573 3300 regulam
1596 3237 1623 3281 s.
1647 3217 1762 3278 Bene-

61 3344 147 3413 dicti“
169 3368 201 3418 et
225 3356 507 3441 ,Poenitentiale
532 3355 713 3418 Cellense“
730 3355 764 3436 ⁶).

166 3495 287 3577 Neque
318 3495 373 3557 his
400 3495 595 3557 Bohemiae
625 3495 787 3558 monachi
818 3495 1002 3558 inferiores
1036 3494 1188 3557 fuerunt.
1232 3495 1287 3557 Ita
1321 3493 1572 3557 monasterium
1605 3494 1763 3555 Blevno-

57 3618 160 3694 vieme
183 3634 306 3716 primis
329 3634 472 3697 saeculo
496 3633 579 3696 XV.
611 3633 791 3696 decenniis
823 3635 1015 3715 scriptores
1045 3633 1247 3715 theologiae
1277 3632 1412 3713 peritos
1442 3631 1601 3714 proferre
1632 3640 1763 3712 potest,

54 3768 181 3833 (luorum
203 3773 373 3854 princeps
389 3772 456 3835 fuit
471 3773 622 3835 Ioannes
640 3775 684 3835 de
700 3773 927 3853 Holleschau,
945 3772 1004 3854 qui
1020 3772 1349 3853 interpretationem
1365 3773 1549 3853 praeclara
1565 3770 1762 3833 eruditione

50 3904 195 3972 Ornatam
223 3912 267 3973 de
295 3912 450 3974 carmine
474 3932 589 3993 sacro,
619 3913 713 3992 quod
737 3931 839 3974 nemo
863 3912 1098 3974 Bohemorum
1122 3911 1263 3994 ignorat
1295 3901 1491 3993 „Gospodi,
1523 3909 1664 3993 pomiluj
1695 3909 1762 3990 ny“

43 4047 341 4087 x—

166 4198 186 4277 ¹)
209 4202 247 4258 Hi
271 4203 410 4258 monachi
433 4203 599 4258 floruerunt
626 4216 846 4274 1450—1550.
886 4203 932 4259 De
956 4221 1059 4259 eorum
1083 4204 1204 4279 scriptis
1227 4201 1295 4258 vide
1320 4200 1449 4258 Stauffer
1473 4202 1491 4257 l.
1517 4221 1542 4258 c.

166 4311 186 4392 2)
209 4315 320 4371 Erhart
344 4316 471 4390 Lomptz
496 4311 706 4393 (Ziegelbauer
729 4314 747 4370 Ι.
772 4334 798 4370 c.
823 4333 890 4371 eum
913 4328 1003 4371 vocat
1026 4311 1147 4393 Lainez)
1177 4316 1359 4371 monasterio
1387 4333 1411 4370 s.
1434 4314 1513 4370 Petri
1539 4308 1761 4385 Salisburgensi

36 4413 166 4480 praefuit
191 4425 412 4500 1435-1436.
447 4427 480 4483 In
503 4427 589 4483 huius
613 4427 751 4485 coenobii
777 4428 928 4502 catalogo,
961 4429 1007 4484 cui
1037 4429 1113 4483 inest
1137 4429 1231 4484 series
1255 4426 1408 4493 abbatum,
1433 4428 1558 4483 dicitur:
1590 4423 1764 4496 „Erhardus

39 4508 169 4612 1-01uptz
190 4539 355 4597 liberalium
379 4543 487 4597 artium
511 4543 663 4616 magister,
687 4541 811 4597 scholae
828 4555 950 4597 nostrae
965 4542 1049 4615 prius
1072 4552 1174 4597 rector
1196 4559 1231 4596 ac
1255 4542 1331 4596 intra
1354 4542 1421 4595 anni
1446 4540 1573 4614 spatium
1598 4536 1764 4612 professus.

36 4638 128 4702 Prior
147 4662 173 4706 et
193 4650 287 4709 abbas
311 4667 425 4720 noster,
449 4656 496 4709 vir
519 4656 645 4711 eximiae
670 4654 825 4710 doctrinae
848 4672 884 4709 ac
908 4654 1038 4728 pietatis,
1063 4654 1113 4727 qui
1138 4653 1236 4708 missis
1261 4651 1401 4708 fratribus
1425 4651 1636 4737 monasterium
1660 4649 1764 4705 Ossia-

39 4755 136 4815 tense
154 4763 352 4822 reformavit.“
394 4763 523 4842 Scripsit
550 4768 786 4842 „expositionem
810 4767 838 4820 in
863 4764 1007 4840 psalmum
1031 4764 1119 4820 xw.

167 4872 188 4954 ³)
209 4877 310 4936 Series
335 4881 516 4956 scriptorum
541 4878 800 4937 Lambertinorum
825 4879 842 4935 l.
870 4897 895 4934 c.
933 4878 1029 4933 Etiam
1058 4877 1203 4933 sacerdos
1231 4876 1345 4932 aulicus
1374 4887 1437 4931 erat
1466 4872 1545 4949 apud
1575 4873 1764 4929 Guilielmum

55 4966 182 5044 dustriae
202 4990 316 5048 ducem.

167 5099 187 5179 ⁴)
207 5103 342 5161 Vocatus
365 5104 473 5160 estad
497 5106 653 5161 concilium
677 5105 861 5161 Basileense.
886 5101 990 5160 Series
1015 5103 1032 5159 l.
1050 5123 1075 5159 c.

169 5212 189 5292 ⁵)
210 5214 311 5273 Series
337 5216 354 5272 l.
381 5185 406 5273 ci

168 5320 188 5403 6)
209 5329 349 5386 Nicolaus
373 5328 553 5385 Landecker
581 5327 655 5385 obiit
687 5343 776 5402 1471.
806 5328 1042 5403 Christophorus
1070 5324 1245 5383 Schleicher
1274 5335 1362 5378 antea
1393 5320 1489 5379 abbas
1512 5321 1765 5396 Weihenstepha·

76 5433 148 5488 nensis
166 5455 293 5498 mortuus
317 5455 364 5498 est
387 5454 488 5497 rector
511 5441 658 5497 ecclesiae
682 5442 795 5496 Mariae
818 5439 965 5496 Cellensis
992 5451 1082 5511 1507.
1115 5436 1160 5493 ef.
1185 5433 1310 5492 Seriem.
