4088 6270
997 533 1045 543 ..
1103 494 1176 581 506
1230 531 1282 540 .-

349 703 429 761 VIII.
446 701 559 759 Lieder
574 720 629 757 aus
645 700 741 756 Tirol.
758 696 788 777 (i.
806 719 832 756 e.
849 700 989 755 Carmina
1001 698 1093 754 'l‘iro-

262 804 377 886 lensia.)
395 809 436 866 80.
453 804 606 880 Stuttgart
621 804 681 860 und
697 802 870 876 Ttibingen.
893 801 984 876 1842.

350 939 402 994 IX.
431 937 559 993 Bluthen
585 936 712 1009 heiliger
736 933 833 990 Liebe
861 933 919 989 und
945 932 1093 989 Andacht.

264 1044 327 1100 Aus
354 1042 412 1098 den
439 1040 590 1098 Schriften
620 1039 675 1095 der
705 1039 865 1095 Giovanna
890 1037 986 1092 Maria
1016 1034 1096 1091 dalla

264 1148 373 1204 Croce.
397 1143 427 1224 (1.
450 1166 475 1202 0.
498 1144 530 1201 S.
551 1146 664 1201 amoris
686 1156 715 1199 et
736 1143 907 1198 devotionis
923 1143 1024 1196 flores.
1049 1140 1096 1195 Ex

265 1253 386 1328 scriptis
403 1253 533 1307 loannae
549 1251 663 1305 Mariae
680 1267 697 1303 a
713 1244 834 1324 Cruce.)
851 1245 893 1302 80.
915 1243 1094 1312 Innsbruck,

263 1354 312 1411 bei
329 1356 475 1429 Wagner.
496 1352 587 1425 1845.

351 1478 388 1532 X.
413 1475 572 1532 Giovanna
594 1474 690 1528 Maria
717 1471 795 1527 dalla
823 1472 920 1527 Croce
946 1468 1005 1525 und
1033 1468 1097 1524 ihre

268 1581 342 1637 Zeit.
360 1576 389 1657 (i.
403 1600 430 1636 e.
445 1580 491 1635 De
507 1580 620 1635 Ioanna
636 1578 731 1633 Maria
747 1594 764 1631 a
781 1577 880 1632 Cruce
896 1574 1008 1650 illoque
1022 1585 1097 1629 tem·

266 1703 342 1760 pore
357 1703 418 1759 quo
435 1680 530 1761 vixit.)
547 1683 589 1740 80.
607 1679 983 1756 Regensburg‚beiManz.
1006 1674 1096 1750 1840.

353 1815 405 1871 XI.
436 1815 493 1870 Die
522 1813 671 1870 Gedichte
697 1810 838 1868 Oswalds
865 1828 925 1866 von
949 1807 1097 1864 Wolkcn-

267 1921 354 1975 stein.
379 1916 408 1997 (i.
432 1938 458 1974 e.
483 1920 624 1974 Carmina
645 1915 780 1973 Oswaldi
804 1915 841 1971 de
863 1908 1098 1990 Wolkenstein.)

266 2023 307 2080 80.
325 2022 503 2091 Innsbruck‚
521 2020 569 2077 bei
587 2022 733 2095 Wagner.
755 2019 846 2093 1847.

351 2145 418 2200 XII.
432 2145 490 2199 Die
502 2142 590 2200 Stadt
603 2145 703 2199 Bozen
717 2142 775 2197 und
789 2141 852 2197 ihre
866 2139 1096 2214 Umgebungen.

268 2246 296 2326 (i.
312 2269 337 2306 e.
356 2250 402 2305 De
415 2247 529 2324 oppido
543 2247 719 2303 Bulsanensi
731 2244 926 2319 eiusdemque
939 2242 1097 2322 confiniis.)

268 2352 301 2410 80
318 2355 386 2409 min.
404 2354 513 2417 Bozen,
531 2351 579 2407 bei
597 2350 718 2407 Eherle.
741 2350 830 2421 1850.

355 2484 435 2538 XIII.
462 2481 586 2538 Oswald
602 2500 662 2538 von
679 2480 891 2536 Wolkenstein
913 2479 972 2534 und
993 2478 1099 2535 Fried-

270 2589 334 2645 rich
351 2590 403 2643 mit
419 2587 473 2643 der
489 2587 591 2642 leeren
607 2585 739 2642 Tasche.
763 2584 797 2639 In
818 2599 850 2640 11
867 2584 1020 2640 Btichern:
1032 2578 1098 2660 (1.0.

268 2694 315 2748 De
336 2691 482 2747 Oswaldo
504 2691 541 2745 de
563 2690 775 2746 Wolkenstein
798 2700 829 2743 et
851 2688 1008 2744 Friderico
1032 2706 1099 2743 cum

268 2815 364 2853 vacua
387 2815 470 2872 pera.
507 2795 541 2850 In
573 2810 605 2850 11
637 2790 742 2871 libris.)
769 2792 810 2849 80.
838 2789 1022 2859 Innsbruck,
1051 2789 1098 2848 bei

267 2901 412 2975 Wagner.
433 2898 523 2971 1850.

355 3022 435 3077 XIV.
452 3019 615 3093 Predigten
631 3018 697 3074 an’s
713 3017 919 3073 Tirolervolk.
937 3014 966 3095 (i.
981 3037 1007 3074 e.
1021 3019 1099 3073 Ora·

270 3129 367 3182 tiones
391 3143 507 3190 sacrae,
531 3141 606 3199 quas
630 3121 732 3178 habuit
748 3140 850 3178 coram
867 3121 982 3197 populo
999 3123 1027 3178 in
1044 3121 1099 3178 Ti·

270 3227 348 3308 roli.)
365 3229 407 3286 8⁰.
425 3228 586 3284 Frankfurt
601 3245 628 3283 a.
642 3229 693 3295 M„
710 3225 758 3282 bei
772 3225 985 3283 Sauerldnder.
1007 3227 1098 3298 1851.

356 3361 420 3417 XV.
435 3361 499 3415 Das
511 3359 591 3415 'I‘hal
604 3360 743 3414 Passeier
756 3358 814 3414 und
827 3359 910 3413 seine
920 3358 1097 3414 Bewohner.

269 3465 298 3544 (i.
316 3486 342 3523 e.
360 3467 406 3520 De
419 3465 497 3520 valle
509 3465 650 3539 Passyria
666 3464 792 3538 eiusque
809 3458 937 3539 incolis.)
953 3461 996 3518 80.
1013 3462 1099 3518 lnns-

269 3569 375 3637 bruck,
392 3568 441 3625 bei
458 3570 603 3643 Wagner.
627 3568 716 3640 1852.

357 3733 614 3807 Weinreiter
636 3744 881 3806 Victorinus
910 3744 1100 3825 (Admon-

270 3861 426 3942 tensis),
436 3861 559 3923 Leobii
570 3861 604 3924 in
615 3860 734 3944 Styria
745 3872 849 3924 natus
863 3883 909 3924 10.
921 3862 994 3924 Ian.
1009 3865 1100 3944 1782,

270 3984 380 4046 vitam
393 3983 664 4046 Benedictinam
683 3989 729 4046 13.
740 3982 819 4047 Oct.
833 3988 924 4064 1805,
939 4004 1018 4046 cum
1031 3984 1101 4046 iam

271 4106 392 4168 8.Dec.
408 4110 488 4183 1804
502 4106 652 4186 primum
662 4106 739 4168 Deo
753 4107 941 4169 obtulisset
951 4127 1100 4186 sacrum,

271 4227 454 4308 ingressus
473 4239 537 4291 est.
562 4228 622 4288 Ad
638 4248 712 4289 rem
729 4228 979 4290 scholasticam
996 4249 1101 4290 voca·

271 4359 328 4411 tus
349 4349 478 4431 partim
500 4350 698 4412 Admontes
719 4350 848 4431 partim
873 4349 908 4411 in
932 4352 1019 4413 urbe
1040 4369 1102 4430 pa·

272 4472 349 4552 tria,
371 4481 552 4551 postremo
569 4491 653 4533 vero
671 4469 813 4535 Graecii
830 4472 1034 4535 erudiendis
1051 4473 1101 4534 iu-

271 4593 422 4654 venibus
439 4612 583 4672 operam
601 4595 709 4674 dedit,
731 4595 790 4656 ubi
813 4595 1001 4677 gymnasio
1023 4615 1102 4656 aca-

273 4715 409 4776 demico
422 4715 626 4795 praefectus
642 4715 857 4796 reliquorum
871 4716 905 4777 in
919 4715 1103 4796 provincia

272 4838 538 4920 gymnasiorum
555 4838 708 4900 director
720 4838 922 4900 nominatus
939 4847 1003 4901 est.
1028 4837 1102 4898 Ali-

273 4969 359 5039 quot
386 4978 497 5020 annos
529 4960 564 5021 in
597 4980 681 5021 cura
708 4960 902 5021 animarum
932 4957 1103 5021 curatiam

273 5081 437 5143 Traboch
453 5081 724 5162 administravit,
747 5083 860 5144 donec
883 5101 1030 5162 corpore
1053 5080 1103 5141 in-

272 5199 371 5263 firmo
388 5204 530 5264 domum
548 5213 786 5266 reverteretur
803 5213 838 5265 et
855 5202 1039 5266 debilitate
1058 5223 1103 5263 ex

273 5323 459 5386 diarrhoea
491 5325 656 5387 chronica
687 5325 835 5387 oriunda
865 5325 958 5386 diem
989 5325 1105 5386 obiret

273 5465 475 5526 supremum
503 5451 552 5508 26.
573 5447 659 5508 Maii
688 5451 777 5525 1849.
808 5446 863 5508 De
891 5467 929 5508 re
953 5445 1104 5508 scholari

1174 693 1307 776 optime
1332 693 1479 756 meritus
1503 693 1711 757 Victorinus
1735 713 1878 756 nummo
1900 714 1989 757 aureo

1174 834 1305 898 magno
1322 814 1511 897 insignitus
1527 825 1614 877 erat.

1262 942 1284 996 I.
1313 939 1449 997 Libellus
1475 941 1629 997 auxiliaris
1657 940 1804 997 studiosis
1829 941 1880 997 III.
1903 957 1930 997 et
1951 943 1990 998 lt‘.

1175 1046 1387 1120 grammatices
1401 1044 1508 1100 0113313
1524 1057 1674 1119 tamquam
1687 1044 1925 1119 supplementum
1938 1044 1990 1102 libri

1177 1149 1351 1205 scholastici
1368 1148 1495 1204 dicatus
1513 1148 1644 1205 Graecii.
1663 1148 1706 1206 80.

1263 1253 1300 1308 Il.
1314 1250 1492 1326 Sammlung
1499 1272 1558 1309 von
1568 1267 1631 1326 500
1640 1252 1897 1329 Sprichwortern,
1907 1254 1991 1310 Denlt·

1177 1358 1336 1432 spriichen‚
1355 1356 1562 1412 Redensarten
1584 1358 1613 1412 in
1635 1357 1800 1414 deutscher
1820 1357 1880 1413 und
1896 1358 1992 1413 lateini-

1177 1461 1266 1517 scher
1274 1459 1422 1536 Sprache‚
1432 1474 1538 1517 sammt
1547 1461 1601 1517 der
1612 1460 1743 1536 Angabe
1752 1461 1808 1517 des
1818 1462 1992 1538 Ursprunges

1177 1584 1237 1621 ron
1250 1565 1333 1621 mehr
1344 1565 1389 1621 als
1405 1579 1467 1621 200
1480 1565 1579 1622 latein.
1592 1566 1805 1623 Redensarten
1815 1568 1845 1622 in
1853 1565 1994 1622 deutscher

1177 1667 1420 1745 alphabetischer
1433 1669 1590 1744 Ordnung.
1607 1667 1994 1748 (i.e.Parab01arum,phra-

1178 1776 1253 1830 sium
1270 1775 1446 1829 Latinarum
1468 1792 1566 1849 aeque
1582 1793 1617 1831 ac
1635 1774 1888 1832 Germanicarum
1904 1775 1995 1832 collec-

1179 1875 1243 1956 tio.)
1262 1878 1365 1934 Gratz.
1384 1876 1427 1934 8⁰.

1265 2006 1410 2082 Weiss
1445 2017 1624 2081 Ioannes
1661 2019 1866 2102 Baptista
1901 2020 1995 2102 (San-

1180 2132 1430 2216 Blasianus).
1463 2135 1577 2198 Natus
1607 2146 1664 2199 est
1691 2137 1727 2199 in
1752 2138 1994 2200 Wittichenin

1179 2275 1310 2338 magno
1334 2257 1466 2319 ducatu
1490 2256 1647 2320 Badensi
1675 2258 1735 2320 die
1762 2280 1794 2337 4.
1817 2259 1889 2322 Ian.
1916 2263 1993 2338 175&

1180 2397 1206 2438 3.
1224 2377 1348 2440 habitu
1371 2377 1516 2441 indutus
1539 2379 1575 2441 in
1601 2380 1686 2442 divo
1709 2381 1853 2456 Blasio;
1877 2383 1994 2444 sollem-

1180 2501 1273 2563 niter
1291 2500 1476 2580 professus
1497 2501 1554 2565 die
1579 2506 1609 2565 6.
1625 2502 1702 2564 Iun.
1725 2509 1824 2582 1773;
1849 2504 1994 2566 sacerdos

1181 2622 1364 2685 ordinatus
1389 2623 1445 2685 die
1473 2644 1497 2685 1.
1519 2624 1594 2687 Iun.
1616 2629 1708 2704 1776.
1732 2625 1939 2688 Praeclaras
1955 2624 1994 2686 in·

1180 2742 1277 2826 genii
1294 2744 1397 2805 dotes
1409 2764 1431 2805 a
1443 2744 1521 2806 Deo
1534 2745 1677 2825 accepit
1690 2755 1726 2808 et
1739 2747 1908 2810 excoluit.
1931 2743 1993 2809 Stu-

1181 2865 1248 2927 diis
1266 2865 1300 2928 in
1318 2865 1401 2928 divo
1417 2866 1539 2929 Blasio
1555 2867 1706 2949 0110113,
1727 2867 1900 2932 fratribus
1914 2867 1993 2931 cleri·

1181 2988 1231 3050 011
1247 2988 1506 3070 philosophiae,
1530 2989 1615 3051 iuris
1640 2990 1880 3054 ecclesiastici
1903 3001 1994 3053 0131-

1180 3129 1261 3171 crae
1279 3110 1504 3191 eloquentiae
1520 3111 1694 3192 magister
1714 3112 1824 3174 datus
1840 3122 1904 3176 est.
1926 3111 1994 3175 Ora·

1180 3243 1235 3294 tor
1261 3251 1406 3314 prorsus
1434 3233 1578 3311 insignis
1605 3253 1646 3295 ac
1675 3234 1806 3315 poeta,
1834 3235 1993 3314 utriusque

1180 3355 1266 3416 artis
1298 3354 1492 3436 specimina
1523 3355 1668 3436 publica
1697 3355 1855 3437 reliquit.
1889 3355 1994 3418 Curam

1180 3478 1374 3540 animarum
1390 3478 1566 3558 parochus
1582 3476 1618 3538 in
1635 3475 1859 3541 Schluchsee
1881 3479 1994 3559 aliquot

1181 3620 1293 3661 annos
1303 3599 1472 3661 exercuit.
1491 3598 1577 3662 Cum
1587 3619 1681 3661 anno
1696 3620 1779 3679 1794
1793 3601 1993 3684 gymnasium

1182 3721 1454 3784 Constantiense
1471 3741 1536 3801 pro
1554 3721 1753 3785 erudienda
1778 3723 1952 3785 iuventute
1967 3721 1993 3782 in

1182 3842 1585 3904 scholishumanioribus
1599 3844 1645 3904 ab
1659 3843 1745 3906 aula
1759 3842 1993 3907 caesareaVin·

1182 3965 1379 4026 dobonensi
1392 3965 1476 4026 solis
1486 3965 1735 4027 Benedictinis
1748 3962 1991 4029 San-Blasianis

1182 4085 1407 4148 commissum
1429 4085 1564 4166 fuisset,
1591 4087 1631 4150 Ρ.
1654 4087 1729 4150 Ioh.
1748 4088 1911 4170 Baptista
1931 4103 1989 4148 cum

1183 4208 1369 4270 destinatis
1397 4227 1439 4270 eo
1467 4208 1622 4290 quinque
1654 4209 1915 4289 professoribus
1941 4204 1988 4268 fuit

1182 4332 1403 4411 amandatus
1428 4340 1467 4393 ut
1491 4350 1617 4392 munus
1640 4331 1820 4412 praefecti
1842 4326 1987 4414 gymnasii

1183 4474 1224 4516 ac
1240 4453 1354 4534 patris
1375 4452 1529 4514 familias
1551 4453 1693 4534 collegii
1720 4454 1770 4515 ibi
1793 4462 1920 4537 ageret.
1939 4451 1986 4512 Po

1183 4585 1261 4636 stea
1274 4576 1450 4655 parochus
1463 4573 1499 4635 in
1508 4573 1843 4656 Hiichenschwand‚
1855 4569 1985 4638 sanitatis

1183 4696 1451 4757 conservandae
1468 4694 1633 4775 1110111103,
1647 4697 1810 4779 paralysi
1825 4695 1951 4776 saepius
1963 4702 1985 4750 et

1184 4815 1312 4877 acriter
1329 4816 1453 4877 vexari
1470 4815 1599 4897 coepit,
1618 4837 1712 4896 quae
1726 4820 1871 4881 tandem
1885 4817 1916 4878 in
1926 4829 1985 4893 apo·

1184 4937 1340 5017 plexiam
1362 4937 1609 5018 degeneravit,
1636 4958 1709 5019 qua
1729 4940 1786 5001 vir
1807 4943 1927 5016 bonus,
1946 4928 1985 5014 qui

1184 5060 1269 5121 nulli
1282 5058 1477 5121 officiorum
1489 5080 1656 5140 umquam
1668 5061 1807 5144 deerat,
1819 5065 1985 5125 consumtus

1184 5181 1336 5243 animam
1354 5181 1536 5244 exhalavit
1553 5182 1610 5243 die
1629 5200 1680 5261 27.
1700 5183 1783 5248 Oct.
1806 5190 1893 5247 1800.

1272 5322 1477 5402 Sequuntur
1493 5323 1569 5384 eius
1582 5322 1721 5404 scripta
1733 5326 1835 5408 typis
1851 5326 1987 5405 impressa

1185 5457 1221 5507 et
1237 5445 1495 5526 manuscripta:
