4034 6262
801 496 1058 567 ..77-

146 694 182 749 V.
195 693 258 749 Der
267 693 411 759 Priester,
425 695 481 748 wie
494 711 561 748 man
573 691 622 748 ihn
631 690 794 747 wiinschen
807 708 885 764 mag,
923 720 926 771 ,

133 829 179 839 -
193 798 249 852 wie
265 814 299 852 er
316 796 397 852 nicht
412 796 469 852 alle
486 797 573 871 Tage
589 815 625 851 zu
641 794 741 852 haben
757 798 803 851 ist.
828 794 887 850 Ein
924 802 927 823 ¹

122 902 138 958 l
162 920 215 977 pro
235 901 307 971 Quo
332 899 379 957 fiir
399 901 523 957 manche
544 903 677 975 mdssige
697 898 812 956 Stunde
833 899 887 954 des

122 1008 255 1080 lsorgers
267 1004 321 1061 aui
333 1005 401 1061 dem
414 1005 527 1061 Lande.
541 1001 570 1085 (i.
581 1024 607 1061 e.
621 1004 702 1075 Quid
716 1008 887 1080 requiratur

126 1110 260 1178 cerdote‚
283 1109 365 1185 quod
381 1128 474 1186 saepe
495 1109 604 1166 frustra
620 1108 713 1166 abeo
735 1108 887 1166 desidera-

122 1228 128 1279 1
148 1228 234 1288 1793·
252 1213 294 1271 8⁰.
309 1247 352 1255 —
364 1215 387 1271 Ι.
400 1214 490 1271 Theil
503 1234 532 1290 p.
548 1228 681 1287 1—223.
695 1247 738 1255 —
751 1215 788 1270 ll.
798 1213 887 1269 Theil

123 1332 238 1391 —205.
256 1351 299 1359 —
316 1317 471 1374 111.Theil
489 1337 517 1394 p.
536 1317 886 1375 1-222.—1V.Theil

126 1437 242 1479 ⁶200.

149 1533 342 1629 Edlinger
360 1545 609 1608 Altmannus
632 1545 888 1629 (Gottvicen

123 1675 129 1729 l
158 1661 190 1724 in
211 1662 322 1725 Furth
347 1663 516 1727 Austriae
544 1665 602 1727 die
623 1641 679 1728 ⁵20.
706 1665 778 1729 Ian.
808 1671 885 1746 1837

123 1804 177 1861 us,
185 1785 356 1847 absolutis
365 1785 512 1849 Cremsii
526 1788 652 1850 studiis
660 1788 889 1871 gymnasiali-

123 1944 127 1963 .
148 1928 174 1971 s.
184 1908 305 1971 habitu
322 1909 380 1971 die
392 1914 423 1973 3.
437 1908 537 1992 Sept.
555 1915 635 1989 1854
654 1911 809 1991 indutus,
831 1912 888 1974 die

128 2029 216 2111 Apr.
237 2035 316 2093 1858
334 2042 419 2094 vota
435 2032 620 2095 sollemnia
636 2034 752 2097 emisit
773 2044 809 2097 et
832 2034 888 2097 die

123 2150 216 2234 Aug.
230 2157 309 2233 1859
323 2154 472 2235 primam
482 2156 633 2218 hostiam
644 2154 889 2238 Omnipotenti

124 2273 199 2338 ulit.
219 2272 356 2339 Studiis
375 2276 517 2340 biblieis
533 2277 568 2339 in
590 2277 684 2340 univ.
694 2278 889 2340 Viennensi

128 2400 307 2472 ovacabat
320 2408 356 2462 et
371 2403 537 2479 1860—78
547 2399 665 2463 officio
678 2400 891 2482 professoris

123 2517 174 2581 dii
186 2520 305 2584 biblici
322 2542 355 2583 v.
373 2531 409 2584 et
425 2542 457 2585 n.
474 2524 679 2587 testamenti
696 2544 737 2586 ac
754 2524 892 2607 lingua-

124 2658 143 2701 1
160 2642 376 2706 orientalium
392 2644 535 2708 iunctus
552 2657 616 2726 est,
634 2665 704 2726 quo
717 2665 809 2708 anno
823 2647 892 2709 cel-

124 2764 209 2827 erius
221 2767 435 2830 constitutus
450 2779 514 2832 est.
528 2769 634 2831 Anno
648 2772 728 2831 1868
742 2770 891 2853 gradum

124 2884 311 2971 theologiae
337 2889 542 2952 doctoratus
565 2892 718 2973 adeptus
735 2901 800 2971 est,
821 2912 892 2973 qua

127 3028 230 3073 causa
246 3012 293 3073 ab
311 3031 354 3073 eo
371 3013 505 3094 scripta
521 3023 590 3076 est:

158 3126 330 3195 Dissertatio
352 3140 537 3213 inauguralis
558 3140 595 3197 de
616 3139 841 3207 characteribus
863 3153 893 3197 et

124 3242 176 3296 ciis
189 3243 316 3299 Messiae
334 3245 363 3298 in
379 3244 512 3318 psalmis,
530 3245 608 3300 Man.
628 3244 686 3317 263
706 3266 735 3322 p.

159 3367 893 3467 Edlingerloachim(Seitenstadien

124 3498 158 3575 3).
168 3499 330 3564 Honestis
342 3503 552 3583 parentibus
565 3506 623 3568 die
641 3528 650 3568 1
663 3528 687 3571 1.
698 3506 797 3589 Sept.
814 3512 894 3570 1080

124 3616 297 3686 11111511ᾰί1
322 3635 436 3706 natus,
461 3627 496 3688 in
513 3630 727 3692 monasterio
748 3630 816 3694 fori
840 3632 895 3694 sui

125 3757 139 3798 e
157 3760 196 3821 ¹4·
207 3746 294 3809 Nou.
312 3752 392 3826 1706
409 3749 502 3812 rotis
518 3752 747 3814 sollemnibus
761 3753 839 3815 Deo
856 3774 895 3817 se

125 3867 266 3933 strinxit.
284 3868 321 3933 S.
337 3870 540 3953 theologiae
557 3873 753 3955 disciplinis
769 3875 804 3936 in
821 3876 896 3937 uni·

125 3985 236 4054 rsitate
259 3993 298 4056 P.
321 3993 361 4055 Ρ.
382 3994 693 4058 Benedictinorum
720 3995 897 4061 Salisbur-

127 4109 175 4170 nsi
197 4115 368 4178 absolutis
391 4117 437 4177 ad
462 4119 719 4180 sacerdotalem
744 4119 897 4202 dignita-

125 4235 219 4298 1ldie
239 4242 288 4300 25.
306 4237 393 4300 Maii
421 4257 502 4317 1710
526 4249 581 4301 est
604 4252 760 4305 evectus.
787 4242 897 4304 Varia

125 4339 192 4418 ieta
205 4359 294 4422 domi
311 4359 469 4441 forisque
486 4362 635 4424 sollicite
649 4363 772 4445 gessit.
790 4366 897 4428 Deni-

125 4482 142 4525 θ
159 4493 300 4563 propter
319 4483 415 4545 illum
437 4483 634 4546 litterarum
655 4486 898 4550 scientiarum·

125 4602 142 4646 θ
159 4614 319 4683 amorem,
336 4624 406 4685 quo
421 4605 456 4666 in
473 4603 738 4688 Salisburgensi
759 4608 898 4670 univer·

125 4722 183 4781 tte
193 4725 424 4789 inflammatus
434 4738 520 4807 erat,
529 4728 768 4792 bibliothecae
778 4740 899 4794 custos

126 4841 193 4907 stus
206 4861 267 4929 est,
290 4870 395 4931 quam
417 4870 537 4912 curam
558 4871 623 4933 per
639 4851 767 4934 viginti
788 4872 899 4914 annos

126 4959 211 5030 ldite
235 4991 305 5034 non
333 4972 449 5057 minus
476 4993 581 5054 quam
609 4973 742 5036 utiliter
772 4975 898 5056 gessit;

126 5080 285 5157 nfratrum
299 5095 494 5157 commodis
511 5094 669 5158 intentus
686 5096 900 5158 breviarium

126 5213 185 5279 lue
197 5218 337 5280 missale
354 5216 587 5280 Benedictino
604 5255 647 5263 —
668 5219 900 5282 monasticum

126 5338 298 5403 'mmodiori
328 5339 468 5401 ornavit
498 5340 675 5402 methodo.
707 5340 798 5402 Illud
819 5339 902 5422 Sty-

128 5455 247 5544 usibus,
274 5463 346 5524 hoc
375 5461 597 5544 Augustanis
624 5463 723 5544 typis
754 5474 808 5524 est
841 5482 902 5524 ex-

966 704 1117 749 cussum.
1147 684 1236 747 Post
1263 686 1422 747 morbum
1445 703 1639 766 paucorum
1662 685 1798 747 dierum

967 806 1024 869 die
1045 829 1092 885 14.
1109 807 1197 888 Apr.
1219 811 1299 885 1758
1316 807 1468 869 animam
1484 807 1639 869 reddidit
1655 808 1742 870 Deo.

1053 929 1139 991 Eius
1163 929 1350 1011 diligentia
1374 937 1411 990 et
1433 928 1606 991 industria
1628 928 1664 991 in
1684 929 1798 991 lucem

966 1060 1156 1114 venerunt:

1054 1179 1076 1234 l.
1094 1179 1280 1234 Breviarium
1297 1179 1568 1253 monasticumpro
1585 1177 1724 1234 omnibus
1740 1175 1798 1234 sub

968 1283 1073 1357 regula
1096 1302 1120 1340 s.
1146 1284 1178 1339 P.
1201 1282 1355 1338 Benedicti
1381 1281 1585 1339 militantibus,
1610 1298 1629 1355 4
1654 1297 1733 1359 part.
1755 1282 1798 1339 8⁰.

969 1384 1089 1462 Styrae,
1108 1389 1188 1463 typis
1205 1386 1327 1462 Iosephi
1344 1385 1558 1443 Grunenu'ald.
1579 1400 1670 1460 1733.

1055 1509 1093 1565 il.
1115 1508 1238 1564 Missale
1259 1508 1657 1565 Romano-Benedictinum.
1686 1507 1799 1565 lbidem

975 1626 1065 1685 1741.

1056 1734 1108 1790 111.
1125 1733 1290 1807 Cataiogus
1312 1732 1455 1790 librorum
1481 1736 1509 1789 in
1531 1732 1715 1790 bibliotheca
1733 1733 1800 1791 Sei·

970 1838 1165 1895 tenstadiensi
1181 1838 1420 1895 adservaturum.
1438 1839 1572 1895 Manusc.
1591 1855 1607 1895 2
1626 1853 1698 1895 tom.
1716 1839 1767 1896 fol.

1055 1985 1214 2079 Egerer
1226 1995 1436 2059 Gislarius
1452 2003 1484 2080 (a
1497 1997 1659 2061 sPetro
1673 1996 1801 2062 Salis-

969 2113 1115 2196 burgi),
1132 2114 1311 2176 Bohemus
1329 2134 1374 2177 ex
1390 2115 1491 2196 Tepl,
1508 2124 1613 2178 natus
1630 2120 1682 2179 31.
1695 2117 1801 2181 Mart.

974 2240 1065 2317 1844,
1082 2236 1237 2299 novitius
1255 2240 1305 2300 30.
1320 2237 1414 2319 Aug.
1432 2241 1523 2318 1863,
1540 2238 1704 2301 absoluto
1721 2243 1801 2301 1860

970 2358 1158 2440 gymnasio
1184 2362 1263 2420 1868
1285 2358 1439 2420 Romam
1463 2361 1509 2421 ad
1529 2359 1647 2421 studia
1667 2361 1802 2422 theolo-

971 2479 1054 2563 giae
1080 2480 1115 2541 in
1143 2479 1295 2562 collegio
1324 2501 1351 2544 s.
1376 2480 1537 2542 Anselmi
1563 2482 1803 2562 persolvenda

972 2602 1116 2682 missu5‚
1144 2622 1208 2683 per
1235 2602 1497 2685 delegationem
1525 2606 1575 2664 28.
1603 2602 1689 2665 Dec.
1721 2607 1801 2665 1808

972 2724 1191 2787 sollemniter
1206 2725 1252 2786 ad
1265 2745 1291 2786 s.
1305 2724 1454 2786 Paulum
1467 2724 1649 2806 professus
1662 2734 1726 2789 est.
1743 2727 1802 2787 Ab

973 2847 1243 2928 archiepiscopo
1268 2845 1465 2929 Salisburg.
1493 2849 1538 2909 ad
1566 2868 1593 2910 s.
1618 2846 1803 2910 Callistum

973 2972 1162 3052 presbyter
1190 2971 1372 3031 ordinatus
1401 2971 1446 3031 ad
1474 2990 1501 3032 s.
1525 2970 1674 3032 Paulum
1701 2980 1804 3034 extra

972 3110 1091 3154 muros
1112 3092 1252 3154 Romae
1279 3112 1324 3154 12.
1343 3092 1417 3155 Iun.
1443 3095 1525 3178 1870
1549 3104 1734 3175 neomysta
1757 3096 1804 3156 ad

975 3233 1071 3275 aram
1096 3214 1204 3276 stetit.
1230 3213 1447 3296 Expugnata
1471 3216 1559 3276 urbe
1586 3219 1804 3295 1870101101-

973 3356 1044 3415 sus,
1058 3336 1185 3398 studiis
1197 3336 1408 3419 theologicis
1417 3335 1618 3419 Salisburgi
1631 3340 1805 3403 absolutis

973 3459 1124 3540 primum
1136 3468 1348 3539 cooperator
1363 3459 1399 3521 in
1411 3459 1591 3538 Abtenau,
1606 3460 1687 3522 dein
1700 3481 1805 3523 cursu

974 3581 1190 3663 philologico
1219 3579 1412 3661 Oeniponti
1439 3600 1584 3643 emenso
1616 3586 1695 3660 1875
1725 3602 1807 3662 pro-

974 3702 1090 3765 fessor
1111 3703 1146 3765 in
1165 3703 1320 3783 archiep.
1338 3703 1489 3785 collegio
1507 3703 1723 3766 Borromaeo
1741 3702 1806 3767 Sa-

975 3826 1125 3910 lisburgi
1141 3826 1354 3889 constitutus
1372 3838 1435 3888 est.

1063 3966 1148 4028 Eius
1165 3986 1283 4047 penna
1300 3976 1447 4028 exarata
1464 3964 1562 4047 typis
1577 3964 1724 4046 prodiit:

1064 4109 1259 4186 Festpredigt
1275 4105 1361 4187 (iiber
1373 4108 1421 4164 die
1434 4092 1738 4182 Missionsthatigkeit
1754 4108 1807 4165 des

977 4213 1299 4271 Benedictinerordens
1321 4215 1358 4268 im
1380 4212 1587 4286 Aligemeinen
1609 4211 1667 4267 und
1686 4213 1808 4269 Krems-

978 4326 1126 4375 miinsters
1152 4313 1378 4395 insbesonders)
1403 4315 1593 4390 abgedruckt
1617 4318 1645 4372 in
1671 4316 1724 4372 der
1746 4316 1809 4373 Ge·

978 4422 1178 4480 denkschrist:
1210 4423 1286 4492 „Die
1313 4418 1610 4494 eilihundertjithrige
1636 4419 1809 4496 jubelseyer

978 4528 1033 4584 des
1045 4524 1352 4583 Benedictinerstiites
1363 4525 1637 4580 Kremsmdnstert.
1651 4521 1680 4598 (i.
1691 4543 1717 4581 e.
1732 4525 1810 4581 Ora-

979 4634 1020 4687 tio
1037 4630 1075 4687 de
1092 4647 1214 4685 munere
1235 4630 1425 4684 missionario
1446 4626 1559 4684 ordinis
1575 4628 1758 4685 Benedictini
1781 4643 1811 4685 et

979 4735 1151 4813 specialiter
1168 4746 1294 4789 monast.
1308 4730 1563 4809 Cremiianensis.)
1581 4751 1610 4808 p.
1633 4731 1809 4805 136—153.

979 4842 1064 4904 Liuz,
1086 4837 1175 4912 1878.
1193 4837 1235 4894 8⁰.

1065 4967 1225 5063 Egerer
1247 4977 1396 5039 Petrus
1422 4977 1505 5055 (as.
1530 4977 1657 5038 Petro
1682 4975 1810 5039 Salis-

981 5097 1126 5178 burgi),
1152 5097 1330 5159 Bohemus
1355 5113 1400 5156 ex
1421 5094 1522 5176 Tepl,
1547 5102 1651 5156 natus
1673 5099 1703 5157 3.
1723 5095 1810 5156 Dec.

986 5222 1076 5299 1820,
1094 5217 1220 5279 studiis
1236 5215 1502 5278 humanioribus
1518 5216 1554 5277 in
1570 5216 1665 5296 Eger
1683 5227 1719 5276 et
1735 5214 1811 5294 phi·

982 5339 1174 5421 losophicis
1194 5339 1228 5399 in
1249 5337 1370 5398 Pilsen
1391 5337 1565 5400 absolutis
1586 5336 1741 5398 novitius
1764 5340 1810 5397 10.

983 5461 1082 5542 Sept.
1115 5465 1210 5542 1843,
1238 5460 1432 5521 monachus
1460 5459 1642 5540 professus
1671 5462 1699 5520 8.
1725 5457 1811 5518 Dee.
