4034 6262
807 500 1088 570 ..134-

73 697 109 746 et
125 683 303 746 Blasianis
327 684 488 747 omnibus
508 677 725 746 adferebant
746 683 906 766 insignes
987 685 1153 757 subditis;
1167 684 1341 748 eiusmodi
1352 684 1478 768 litigiis
1488 686 1534 747 de
1543 704 1634 748 anno
1646 685 1679 747 in
1687 706 1808 757 annum

73 827 99 870 s.
117 806 276 869 Pirminii
292 807 453 889 episcopi
474 814 510 866 et
525 803 678 868 'abbatis
695 805 839 888 Augiae
855 805 906 868 di·
986 806 1062 870 iere
1090 807 1239 870 invitum
1265 826 1304 869 se
1333 807 1477 889 involvi,
1506 808 1653 871 moleste
1676 808 1803 876 ferebat

73 928 157 992 vitis
182 929 369 1011 reliquiae,
394 949 486 1010 quae
511 947 556 990 ex
579 928 821 992 munificentia
845 949 907 992 au·
987 929 1157 1012 pacificus
1185 933 1309 994 abbas
1341 930 1411 993 Hic
1440 932 1570 994 domus
1598 950 1679 994 suae
1702 953 1800 1018 nego

73 1061 202 1134 gustae
223 1052 360 1115 Mariae
376 1050 569 1114 Theresiae
586 1049 791 1133 Oeniponte
812 1053 858 1114 ad
879 1070 906 1114 s.
987 1053 1037 1115 tia
1053 1052 1104 1116 ita
1120 1054 1262 1136 agebat,
1279 1061 1319 1116 ut
1333 1062 1551 1116 monstraret
1573 1073 1695 1116 causae
1712 1052 1802 1118 iusti·

73 1174 233 1237 Blasium
249 1185 514 1255 transportatae
531 1184 567 1236 et
583 1175 641 1239 die
659 1178 706 1237 16.
718 1173 810 1236 Iunii
826 1192 905 1253 1777
987 1175 1083 1258 tiam,
1100 1175 1151 1237 rei
1167 1185 1334 1238 eventum
1349 1175 1430 1238 Deo
1451 1174 1606 1257 reliquit,
1627 1175 1727 1239 dicere
1742 1189 1806 1238 so·

74 1300 141 1359 sub
161 1298 321 1360 sollemni
345 1298 573 1378 processione
595 1317 616 1358 a
632 1295 811 1359 Blasianis
831 1316 907 1358 sus·
945 1291 949 1433 .
986 1296 1083 1360 litus:
1104 1296 1162 1381 ,Si
1170 1297 1271 1360 Deus
1283 1317 1348 1379 pro
1361 1297 1475 1378 nobis,
1485 1297 1567 1380 quis
1579 1308 1695 1361 contra
1704 1292 1808 1361 nos?“'

74 1429 216 1500 ceptae,
246 1439 340 1481 novo
367 1419 565 1500 patrocinio
594 1418 818 1481 occasionem
847 1419 907 1480 de·
945 1438 949 1591 ξ
984 1420 1087 1482 cuius
1099 1420 1206 1482 etiam
1218 1419 1388 1483 auxilium
1399 1419 1632 1483 fortissimum
1641 1428 1816 1502 nunquanl

75 1543 212 1605 derunt.
233 1540 430 1622 Antiquum
447 1553 482 1604 et
497 1560 620 1604 verum
635 1542 746 1604 habet
762 1559 907 1623 prover·
986 1561 1056 1604 non
1070 1551 1241 1622 expertus
1253 1550 1308 1605 est
1320 1552 1454 1624 eontra,
1465 1551 1576 1624 atque
1588 1542 1686 1605 amici
1697 1553 1726 1604 et
1735 1528 1823 1622 ipsi

74 1663 906 1745 biuthbimultaesuntpossessiones,ibimul·
986 1664 1152 1726 advocati
1168 1664 1364 1726 crederent.
1381 1661 1441 1727 Sic
1458 1664 1542 1727 lites
1559 1664 1628 1727 iam
1641 1664 1696 1726 diu
1706 1669 1830 1726 antea

74 1795 133 1849 tae
155 1798 353 1869 exsurgunt
369 1787 464 1861 lites;
488 1787 582 1867 quod
604 1785 817 1868 patrimonio
834 1785 906 1848 divi
986 1785 1143 1870 agitatas
1165 1806 1243 1848 cum
1259 1785 1420 1868 principe
1441 1788 1487 1850 de
1506 1784 1835 1861 Schwarzenberg2

73 1907 185 1971 Blasii
206 1909 240 1971 in
261 1909 365 1971 terris
381 1909 564 1990 Austriae,
585 1907 790 1988 Helvetiae,
812 1907 906 1969 Mar-
987 1909 1129 1971 domino
1146 1906 1376 1991 Cleggoviae,
1398 1928 1478 1971 cum
1494 1908 1655 1991 principe
1671 1909 1711 1971 de
1724 1908 1842 1972 Fur-

15 2089 17 2092 .
74 2030 211 2093 chionis
220 2030 460 2111 Durlacensis,
470 2030 668 2113 principum
679 2028 906 2094 Schwarzen-
987 2033 1167 2113 stenberg,
1192 2050 1270 2092 cum
1290 2029 1424 2093 familia
1444 2031 1614 2094 comitum
1631 2032 1675 2093 de
1689 2029 1848 2112 spata>

74 2154 165 2236 berg
189 2163 224 2216 et
247 2154 492 2236 Fiirstenberg
515 2156 588 2216 late
613 2153 751 2234 patenti
775 2151 907 2215 accidit
987 2172 1065 2214 cum
1086 2153 1218 2214 abbate
1239 2151 1526 2235 Rheinaugiensi
1546 2163 1583 2216 et
1602 2152 1750 2216 Paulinis
1785 2145 1853 2207 in

74 2277 294 2359 saepissime.
311 2278 499 2358 Nunquam
511 2277 586 2339 sine
600 2276 759 2358 periculo
775 2292 906 2337 causae
986 2274 1174 2337 Bonndorf
1187 2275 1233 2337 ad
1249 2274 1390 2337 felicem
1405 2273 1512 2337 finem
1528 2277 1705 2358 perduxit.

74 2399 183 2462 etiam
200 2398 314 2461 iustae
331 2400 376 2460 ad
392 2398 506 2461 forum
527 2397 743 2461 deferuntur.
767 2397 907 2460 Noxiae
1073 2397 1199 2459 Abbas
1216 2396 1390 2460 Martinus
1411 2398 1507 2460 bona
1527 2416 1669 2479 semper
1683 2398 1779 2460 valet
1787 2409 1865 2453 υ·

73 2533 157 2585 sunt
180 2521 261 2584 lites
286 2542 365 2584 cum
389 2521 524 2602 vicinis,
546 2520 650 2583 nimis
673 2519 802 2582 fatales
827 2538 906 2582 cum
986 2519 1069 2582 dine
1096 2539 1180 2581 usus
1211 2530 1281 2601 est,
1310 2540 1416 2600 quam
1444 2538 1660 2583 conservare
1685 2510 1869 2582 studuit

985 2653 1085 2705 reeta
1112 2653 1148 2704 et
1175 2662 1301 2704 severa
1328 2642 1474 2705 vivendi
1501 2642 1661 2724 ratione,
1691 2662 1776 2724 parc
1788 2652 1870 2698 uS

77 2709 218 2718 --—---.
238 2709 281 2714 --

162 2824 183 2870 Ι.
202 2823 282 2870 Anna
301 2821 399 2884 regina,
420 2820 513 2869 coniux
533 2818 672 2883 Rudolphi
691 2821 712 2867 Ι.
732 2818 905 2883 imperatoris,
985 2785 1059 2827 Vlm
1075 2774 1112 2826 et
1129 2766 1296 2845 elbomm’
1319 2775 1355 2826 et
1379 2783 1509 2846 corpus
1525 2766 1737 2828 ambUIando
1756 2757 1872 2825 wel

73 2909 127 2959 des.
146 2909 189 2959 die
211 2921 250 2969 19·
269 2910 347 2957 Mart.
370 2908 444 2956 1281.
986 2885 1179 2967 equitando
1196 2905 1378 2950 exercens
1402 2885 1509 2949 Initio
1530 2886 1614 2950 anni
1639 2893 1716 2967 1793
1736 2903 1871 2970 gra-

162 3008 198 3054 11.
218 3004 335 3063 Carolus,
354 3004 423 3052 filius
443 3003 581 3068 Rudolphi
595 3005 617 3051 I.
636 3003 809 3068 imperatoris,
828 3009 906 3051 natus
985 3008 1078 3071 viter
1093 3018 1297 3092 aegrotare,
1317 3008 1446 3072 medici
1467 3009 1589 3073 vocati
1609 3025 1871 3092 recuperan.

73 3101 102 3142 et
120 3093 259 3141 defunctus
278 3107 348 3140 anno
370 3103 444 3154 1274.

162 3189 211 3236 III.
231 3191 422 3244 Hartmannus‚
442 3185 510 3235 filius
529 3185 669 3250 Rudolphi
687 3188 709 3234 I.
732 3186 906 3251 imperatoris,
1138 3253 1144 3265 ι
1559 3255 1565 3268 Ι
1833 3252 1846 3264 ·

73 3275 128 3325 del.
147 3275 190 3325 die
210 3286 250 3324 20.
270 3276 336 3322 Dec.
359 3274 432 3332 1280,
451 3289 534 3323 annos
555 3274 585 3322 18
605 3282 689 3322 natus.
986 3263 1245 3333 provectlorem
1276 3263 1432 3316 aetatem
1464 3265 1501 3316 et
1531 3275 1629 3318 Vlres
1663 3272 1866 3337 corpons

161 3373 210 3420 1v.
229 3370 383 3420 elisabetha
403 3371 501 3434 regina,
521 3370 617 3418 001¹i¹¹¹
633 3369 740 3418 Alberu
757 3373 777 3419 1.
796 3371 906 3435 impera·
986 3374 1153 3437 continuo
1168 3375 1287 3437 studio
1304 3388 1340 3437 et
1356 3375 1480 3438 labore
1495 3377 1700 3440 exhaustas.
1716 3376 1861 3439 Fruc-

72 3457 147 3516 toris,
167 3463 228 3506 nata
246 3472 315 3506 anno
338 3456 411 3516 1263,
430 3457 482 3505 des.
502 3457 544 3505 die
566 3468 605 3516 13.
625 3456 684 3505 Oct.
707 3468 780 3517 1313.

986 3132 1053 3193 dae
1074 3131 1238 3193 sanitatis
1253 3131 1316 3194 vix
1341 3133 1448 3194 ullam
1469 3152 1572 3214 spem
1592 3132 1749 3197 fecerunt
1791 3131 1868 3193 ob

161 3555 195 3604 V.
215 3552 368 3617 Leopoldus
387 3552 537 3618 (gloriosus)
557 3554 608 3601 dux
621 3553 755 3611 Austriae,
775 3552 905 3602 filiusAl·
985 3507 1108 3560 tuante
1129 3516 1289 3578 corpons
1310 3499 1514 3560 nondumne
1536 3509 1573 3561 et
1593 3500 1686 3562 malo
1708 3515 1858 3561 mese·

71 3642 142 3690 berti
155 3644 177 3690 1.
191 3640 363 3704 imperatoris,
382 3645 458 3688 natus
473 3651 547 3701 1292,
567 3640 620 3689 del.
637 3655 705 3689 anno
725 3642 818 3689 aetatis
837 3644 903 3701 34²⁰·
985 3631 1107 3684 scente
1135 3621 1359 3684 morientium
1385 3622 1622 3686 sacramentis
1640 3618 1853 3705 provideri

161 3739 208 3786 VI.
227 3737 360 3785 Henricus
380 3734 520 3800 (placidus)
539 3737 591 3785 dux
608 3737 743 3796 Austriae,
767 3736 836 3786 lilius
855 3736 904 3786 Al·
983 3743 1042 3825 pie
1059 3743 1173 3824 petiit,
1190 3756 1227 3805 et
1243 3744 1384 3806 demum
1396 3744 1455 3807 die
1472 3749 1520 3808 13·
1535 3744 1624 3808 Maii
1639 3744 1849 3826 inopinato

67 3825 138 3874 berti
156 3828 178 3873 1.
197 3825 372 3888 imperatoris,
391 3832 466 3872 natus
485 3838 555 3872 auno
576 3835 651 3885 1299.

156 3923 220 3971 VII.
242 3920 356 3980 Iuditha,
376 3921 430 3970 filia
448 3920 556 3970 Alberti
575 3922 597 3968 1.
616 3921 790 3984 imperatoris,
809 3921 903 3970 coniux

70 4008 201 4058 Luuovrcr
220 4008 323 4057 comitis
342 4009 375 4058 de
395 4009 547 4072 Oettingen,
566 4008 619 4057 der.
638 4024 707 4058 anno
730 4021 803 4069 1329.
982 3987 1187 4051 vit.Vivens
1196 4007 1307 4069 saepe
1316 3987 1435 4051 dicere
1445 3987 1593 4052 auditus
1601 3998 1836 4071 erat,0ptarr

157 4107 235 4154 VIII.
249 4104 413 4164 Elisabetha,
427 4104 481 4154 filia
495 4105 602 4154 Alberti
616 4108 638 4154 I.
653 4106 827 4169 imperatoris,
841 4120 902 4154 con·
983 4119 1019 4172 et
1034 4111 1127 4173 velle
1148 4129 1187 4172 se
1208 4129 1278 4173 non
1295 4110 1387 4174 intra
1405 4110 1607 4193 ecclesiam,
1632 4112 1695 4175 sed
1713 4117 1829 4172 extra

67 4194 112 4242 iux
127 4192 258 4242 Friderici
276 4192 350 4241 ducis
366 4192 563 4255 Lotharingine,
576 4192 629 4241 def.
643 4192 687 4241 die
700 4205 738 4253 19.
749 4193 815 4241 Maii
829 4202 902 4254 1352.
982 4233 1017 4294 in
1034 4231 1124 4294 atrio
1145 4241 1228 4295 ante
1249 4242 1391 4314 portam
1412 4233 1539 4315 templi
1563 4235 1729 4297 maiorem
1756 4228 1820 4290 hu.

984 3875 1108 3928 etcum
1118 3867 1216 3929 luctu
1225 3867 1379 3929 omnium
1388 3865 1448 3948 pie
1462 3876 1498 3929 et
1508 3867 1651 3948 placide
1660 3864 1843 3948 exspira-

155 4289 207 4336 IX.
231 4288 337 4351 Agnes,
361 4288 415 4338 lilia
433 4288 541 4338 Alberti
559 4291 581 4337 I.
605 4289 783 4353 imperatoris,
808 4286 903 4337 coniux

65 4376 193 4426 Andreae
212 4377 263 4424 III.
288 4376 356 4440 regis
379 4376 541 4439 Hungariae‚
565 4384 627 4424 nata
655 4375 728 4434 1280,
753 4376 806 4424 des.
828 4375 901 4436 1364.
981 4355 1078 4437 mari,
1095 4363 1134 4417 ut
1150 4355 1372 4418 introeuntes
1388 4365 1425 4417 et
1442 4365 1620 4419 exeuntes
1635 4356 1752 4419 fideles
1774 4363 1812 4407 ⁶⁰

154 4482 192 4529 x.
221 4481 384 4541 Fridericus,
415 4481 483 4530 filius
512 4481 642 4532 Friderici
671 4480 796 4546 (pulchri)
826 4482 901 4530 ducis
980 4476 1203 4558 frequentius
1225 4496 1291 4558 pro
1314 4475 1431 4539 anima
1454 4497 1521 4539 sua
1544 4497 1671 4560 preces
1690 4468 1802 4540 funde·

66 4568 202 4627 Austriae,
221 4568 268 4617 filii
287 4568 394 4619 Alberti
413 4572 435 4618 I.
455 4571 628 4633 imperatoris.
979 4607 1073 4672 rann
1095 4618 1218 4662 verum
1234 4618 1347 4680 prope
1364 4618 1488 4662 omnes
1509 4600 1719 4682 capitulares
1734 4602 1793 4654 um

154 4665 207 4712 XI.
236 4665 378 4713 Catharina
406 4665 439 4713 de
468 4666 615 4722 Sabaudia,
647 4667 741 4715 coniux
770 4632 910 4731 Leopoldi¹

65 4750 184 4815 gloriosi,
204 4750 257 4800 des.
279 4752 352 4811 1336-
939 4728 942 4780 1
980 4731 1017 4784 et
1048 4731 1166 4784 mente
1202 4731 1238 4784 et
1269 4742 1359 4785 voce
1390 4722 1426 4784 in
1457 4743 1500 4786 eo
1536 4716 1785 4788 consentiebant
1869 4798 1874 4802 .

155 4849 222 4895 XII.
242 4847 405 4904 Elisabetha,
419 4849 552 4897 comitissa
565 4849 598 4896 de
612 4849 791 4911 Vimenburg,
805 4849 900 4897 coniux
939 4812 942 4965 ἰ
980 4844 1139 4907 defuncti
1161 4844 1395 4906 humilitatem
1422 4856 1459 4906 et
1480 4845 1582 4926 pium
1606 4839 1779 4910 desiderium
1865 4872 1875 4908 γ

65 4936 178 4983 Henrici
197 4934 303 4999 placidi,
324 4937 374 4984 def.
398 4948 472 4995 1343·
978 4966 1158 5029 laudanda
1171 4966 1314 5048 quidem
1324 4986 1413 5047 esse,
1429 4968 1493 5029 sed
1506 4988 1574 5049 pro
1591 4961 1778 5052 spectauip

152 5033 233 5079 XIII.
258 5032 407 5089 Camarina,
432 5031 485 5079 lilia
509 5033 639 5096 Leopoldi
664 5032 781 5094 gloriosi,
805 5033 899 5081 coniux

64 5120 229 5181 Enguerrani
248 5122 296 5169 VI.
323 5121 421 5168 domini
446 5121 478 5167 de
498 5121 601 5183 Coucy;
625 5129 686 5168 nuta
709 5121 751 5167 dic
776 5133 799 5180 9.
820 5121 898 5169 Febr.
938 5102 941 5181 i
980 5089 1052 5151 Sius
1068 5088 1200 5151 virtum
1218 5099 1253 5150 et
1271 5109 1335 5150 sua
1360 5089 1394 5150 in
1416 5109 1498 5152 eum
1522 5093 1661 5173 Pietate
1681 5094 1780 5159 decem

69 5217 142 5264 1320,
162 5207 214 5254 des.
237 5219 309 5266 1349·
937 5206 941 5285 Ι
978 5221 1018 5274 ut
1033 5211 1202 5274 fundator
1223 5212 1347 5292 templi
1364 5212 1472 5274 etiam
1496 5214 1533 5277 in
1555 5218 1691 5299 templo
1709 5216 1785 5295 depo

151 5303 229 5350 XIV.
249 5302 401 5366 Leopoldus
420 5303 526 5365 probuS,
546 5303 597 5349 dux
612 5303 745 5358 Austriae,
765 5302 834 5350 filius
850 5301 897 5350 Al-

64 5388 133 5435 berti
151 5391 187 5436 ΙΙ.
207 5390 342 5451 sapientis
364 5390 438 5437 ducis
458 5389 591 5446 Austriae,
611 5389 735 5437 occubuit
750 5405 818 5437 anno
831 5389 897 5448 1386
937 5416 939 5429 .

65 5488 148 5536 prope
168 5473 306 5536 Sempaclr
327 5491 395 5523 anno
415 5474 508 5522 aetatis
528 5475 593 5532 311)-
937 5434 939 5524 i
978 5457 1101 5536 templi
1119 5456 1209 5519 inter
1225 5476 1351 5537 preces
1368 5458 1551 5524 ecclesiae
1571 5466 1744 5530 demissus
1752 5473 1799 5528 est.

978 5335 1067 5396 situs
1095 5325 1271 5415 quiescat:
1300 5345 1336 5396 et
1363 5334 1421 5396 die
1453 5340 1503 5400 16.
1531 5338 1624 5404 Maii
1650 5341 1684 5424 in
1705 5336 1793 5404 medio
