4088 6270
777 502 1011 564 ‚Lv-

60 727 240 792 monasteria
255 727 464 808 Tirolensia,
485 726 828 789 Mariaemontanum
850 735 886 788 et
905 725 1010 788 Mons
1035 743 1062 788 s,
1086 722 1234 807 Georgii
1257 726 1365 807 (apud
1388 725 1558 807 Fiecht)¹)
1582 726 1764 788 habebant

61 868 173 931 scholas.
223 865 284 928 Ad
319 864 448 928 Scotos
483 884 625 946 quoque
655 864 954 926 Vindobonenses
991 865 1149 926 scholam
1183 862 1294 926 fuisse
1330 874 1432 945 patet
1470 883 1517 927 ex
1554 863 1762 926 fundatione

61 1005 196 1067 hubarum
216 1002 380 1086 magistri
396 1001 551 1066 Conradi
562 999 860 1082 Vindobonensis,
886 1001 947 1082 qui
969 1001 1247 1064 anniversarium
1263 1021 1366 1063 suurn
1382 1021 1461 1064 cum
1477 1001 1594 1084 longis
1609 999 1762 1082 Vigiliis,

63 1161 125 1224 quae
144 1161 164 1202 a
184 1141 410 1223 presbyteris
433 1151 469 1204 et
493 1140 679 1221 discipulis
703 1139 839 1203 cantari
863 1141 1038 1221 solebant,
1064 1140 1237 1202 celebrari
1260 1141 1373 1204 voluit
1388 1143 1421 1221 ²).

155 1279 205 1342 Ut
227 1279 393 1342 monachi
415 1278 550 1361 pueris,
574 1278 625 1342 ita
648 1280 842 1342 monachae
866 1279 995 1361 puellis
1023 1280 1217 1341 educandis
1248 1289 1285 1341 et
1315 1279 1518 1341 erudiendis
1546 1267 1667 1340 ciram
1697 1277 1760 1339 im-

62 1419 235 1498 penderunt.
267 1417 372 1499 Quod
396 1437 610 1499 quamquam
634 1417 669 1480 in
685 1417 849 1480 omnibus
865 1418 1116 1480 monacharum
1132 1416 1313 1481 coenobiis
1329 1417 1462 1479 factum
1478 1437 1558 1480 esse
1575 1417 1761 1496 credimus,

62 1575 105 1637 pro
127 1566 218 1619 certo
250 1555 419 1619 affirmari
451 1576 521 1619 non
551 1566 671 1638 potest
701 1556 769 1619 nisi
804 1558 849 1619 de
876 1556 1082 1639 Nonnberg,
1114 1556 1288 1638 Admont,
1320 1555 1450 1637 GoesS,
1484 1576 1510 1617 s.
1536 1554 1684 1637 Georgii
1716 1554 1762 1616 ad

62 1693 187 1777 Lingsee
210 1693 326 1776 iisque
351 1694 543 1776 coenobiiS,
569 1714 661 1777 quae
684 1694 754 1774 sita
777 1703 880 1757 erant
903 1693 938 1756 in
961 1694 1141 1756 Dalmatia
1155 1697 1191 1775 ³).

155 1832 308 1897 Saeculo
331 1833 434 1896 XIV.
458 1835 561 1915 lapsa
588 1834 624 1896 in
651 1833 876 1896 monasteriis
908 1853 1043 1896 morum
1074 1834 1267 1896 severitate
1299 1833 1406 1896 etiam
1436 1853 1495 1896 res
1525 1832 1761 1895 scholasticae

59 1972 124 2034 male
143 1991 178 2034 se
200 1971 395 2055 habebant,
420 1974 484 2034 sed
507 1971 673 2035 restituta
696 1971 860 2054 proximo
884 1971 1028 2033 saeculo
1053 1969 1242 2050 disciplina
1265 1972 1310 2032 ad
1326 1990 1440 2033 novas
1456 1990 1540 2053 spes
1555 1971 1763 2033 revixerunt

59 2130 264 2193 magnumque
288 2111 442 2174 fructum
466 2131 512 2174 ex
536 2130 579 2174 eo
602 2119 842 2193 perceperunt
864 2109 1084 2192 commercio,
1110 2111 1205 2191 quod
1222 2109 1446 2172 monasteriis
1463 2110 1663 2173 Austriacis
1685 2118 1761 2171 erat

58 2267 113 2310 cum
130 2249 359 2312 universitate
371 2248 642 2313 Vindobonensi
670 2252 747 2310 1365
775 2248 927 2312 condita.
964 2249 1086 2329 Atque
1110 2249 1157 2309 ad
1178 2245 1307 2310 Scotos
1327 2247 1625 2310 Vindobonenses
1648 2249 1762 2310 abbas

56 2386 175 2451 loannes
206 2389 252 2450 de
285 2387 564 2451 Ochsenhausen
596 2385 860 2467 (1428—1446),
893 2385 937 2466 is,
973 2386 1033 2466 qui
1063 2348 1377 2447 Benedictinorum
1406 2385 1673 2448 Austriacorum
1704 2405 1761 2446 res

56 2525 161 2588 curavit
190 2526 226 2588 in
259 2525 409 2588 concilio
440 2524 653 2605 Basileensi,
684 2543 789 2605 quern
822 2524 950 2587 Patres
981 2523 1017 2585 in
1048 2523 1198 2586 concilio
1230 2524 1440 2607 congregati
1473 2524 1650 2607 „notabile
1685 2523 1761 2585 eius

56 2667 217 2727 membrum
242 2675 279 2726 et
302 2663 371 2725 sibi
392 2662 677 2744 incorporatum“
702 2662 895 2744 nominant,
919 2682 1055 2725 summa
1079 2683 1163 2725 eura
1187 2682 1228 2724 ae
1253 2662 1437 2745 diligentia
1461 2663 1618 2725 scholam
1641 2682 1761 2726 mona·

56 2802 128 2863 steni
146 2804 333 2885 amplexus
356 2811 421 2865 est.
460 2800 530 2882 Qui
558 2799 592 2863 ei
619 2802 801 2883 successit,
825 2800 1000 2864 Martinus
1025 2801 1294 2882 (1446—1461?),
1327 2820 1458 2884 magno
1489 2800 1575 2863 artis
1605 2800 1761 2864 musicae

55 2940 144 3002 studio
164 2941 365 3021 tenebatur,
390 2959 496 3021 quam
520 2949 559 3002 ut
579 2941 803 3021 proveheret,
827 2940 948 3001 ludum
965 2939 1132 3002 cantandi
1148 2939 1298 3020 aperuit.
1330 2939 1500 3003 Extremo
1516 2942 1659 3003 saeculo
1677 2941 1760 3003 XV.

56 3078 148 3141 schola
168 3080 213 3142 ad
238 3076 368 3141 Scotos
392 3097 530 3140 summa
559 3076 712 3140 florebat
742 3079 847 3140 laude
879 3087 988 3159 atque
1019 3077 1220 3141 convictum
1247 3079 1405 3141 habebat
1432 3079 1552 3160 pueris
1583 3079 1762 3142 nobilibus

56 3224 149 3293 aptum
161 3218 195 3296 ⁴).
245 3215 392 3278 Mellicii
427 3227 463 3278 et
497 3214 730 3279 Seitenstadii
769 3217 894 3278 eodem
933 3225 1094 3296 tempore
1128 3215 1304 3280 florebant
1339 3237 1397 3280 res
1435 3218 1686 3292 scholasticae;
1726 3219 1762 3281 in

56 3361 175 3434 utroque
197 3353 414 3416 monasterio
437 3354 594 3415 scholam
619 3354 843 3416 claustralem
871 3353 982 3416 fuisse
1011 3364 1047 3416 et
1075 3364 1259 3417 externam
1289 3356 1508 3438 argumentis
1539 3357 1762 3438 comprobari

57 3501 148 3567 potest
159 3497 193 3573 ⁵).

155 3630 228 3692 Nec
259 3629 430 3692 minorem
464 3628 595 3690 famam
631 3629 765 3709 adepta
803 3638 859 3692 est
893 3629 1016 3691 schola
1046 3627 1321 3692 Cremifanensis
1356 3650 1441 3693 cura
1475 3633 1618 3696 abbatis
1649 3634 1761 3697 Ulrici

59 3761 311 3848 Schoppenzaun
330 3767 582 3848 (1454—1484).
614 3767 649 3828 Is
670 3767 839 3830 eximium
854 3768 968 3830 virum
983 3767 1192 3850 magistrum
1209 3768 1377 3831 ioannem
1394 3769 1544 3834 Schrein
1560 3792 1580 3834 e
1597 3771 1764 3856 Zlabings

59 3898 242 3971 inlloravia
265 3906 512 3988 arcessiverat,
538 3907 598 3988 qui
621 3907 795 3970 absolutis
818 3907 853 3969 in
877 3907 1109 3970 universitate
1122 3907 1391 3971 Vindobonensi
1414 3910 1552 3990 studiiS,
1578 3930 1656 3972 cum
1680 3924 1764 3973 vota

62 4041 212 4107 sollemnia
234 4046 270 4107 in
294 4046 510 4108 monasterio
534 4046 705 4108 edidisset
730 4065 772 4107 ac
797 4055 923 4127 postea
947 4048 1061 4109 abbas
1086 4047 1221 4108 electus
1245 4057 1350 4127 esset,
1374 4049 1558 4129 praeclare
1587 4048 1762 4131 dignitate

64 4178 199 4245 abbatiali
222 4183 367 4247 functus
390 4194 446 4247 est
460 4182 495 4266 ⁶).
534 4183 659 4247 Clarae
676 4186 802 4247 eodem
822 4194 983 4266 tempore
999 4186 1143 4247 scholae
1161 4195 1261 4247 erant
1277 4184 1558 4248 Michaelburani
1575 4194 1610 4248 et
1626 4186 1763 4249 Lunae-

66 4312 122 4378 laci.
146 4320 423 4384 Michaelburani
439 4342 518 4385 cum
534 4333 677 4405 praeter
692 4334 867 4386 rectorem
884 4324 958 4385 ludi
974 4324 1145 4406 magister
1170 4322 1491 4406 („Schulmeister“)
1515 4324 1630 4404 fuerit,
1656 4326 1763 4388 etiam

69 4449 156 4519 ludum
177 4461 441 4523 elementarium
463 4460 575 4523 fuisse
599 4471 700 4541 patet
715 4462 748 4541 ⁷).

73 4629 340 4652 N*—

166 4756 183 4834 ¹)
204 4761 318 4834 Egger,
344 4758 432 4814 Tirol
458 4760 479 4815 1.

166 4869 185 4947 2)
207 4871 380 4928 Hausu'irth
404 4872 422 4926 l.
442 4892 468 4927 c.

167 4978 186 5059 ³)
208 4983 318 5050 Esterl,
344 4982 481 5039 Chrouik
505 5004 563 5040 ron
588 4982 769 5059 Nonnbrrg3
795 4986 905 5052 FuchS,
930 4985 1078 5048 Admont;
1103 4983 1325 5050 Ankershofen,
1349 4985 1409 5040 alii.

169 5092 188 5169 ⁴)
209 5095 383 5151 Hauswirth
408 5096 426 5151 l.
454 5115 478 5151 c.

168 5204 188 5282 5)
209 5208 322 5274 Friess,
347 5205 476 5263 Studien
500 5209 536 5264 II.

169 5311 189 5393 6)
210 5320 386 5393 Pachmayr,
411 5318 514 5376 Series
538 5320 555 5375 l.
581 5340 606 5376 c.

168 5427 188 5505 7)
209 5431 384 5488 Chronicon
408 5431 652 5501 Lunaelacense3
677 5432 748 5500 Filz,
774 5433 1027 5490 Michaelbeucrn.
