4034 6262
975 406 1256 476 -,12..

246 594 283 658 in
310 593 423 656 Muris
450 604 486 657 et
514 592 781 676 Eppishausen,
810 590 875 654 sed
901 590 1075 674 imprimis
1154 591 1262 673 decim)
1288 595 1466 653 catecheses
1493 591 1686 676 (κατηχΰρεις)
1717 595 1757 652 ad
1783 595 2008 659 illuminandos

248 715 480 778 cancellariae
501 715 655 778 director
676 713 873 797 egregius“
899 713 1075 795 Tempore
1155 696 1382 778 (W‘Vllilwti
1399 700 1542 768 Viennae,
1556 702 1637 778 typis
1653 700 1797 759 Mechith.
1817 699 1894 774 ¹⁸3²·

246 838 477 901 revolutionis
498 836 672 918 Gallicae,
698 838 780 900 dum
802 837 928 900 aberat
951 837 1075 917 abbas,
1242 836 1371 900 Versio
1404 837 1508 900 huius
1538 838 1661 920 operis
1693 838 1895 902 celeberrimi
1915 844 2005 900 ex

247 961 440 1042 praecipue
461 964 683 1042 1798-1802,
699 960 777 1042 ipse
790 959 945 1021 maxime
956 978 1077 1022 mona·
1157 957 1296 1023 Graeco
1312 969 1416 1022 textu
1431 959 1468 1022 in
1482 959 1641 1043 linguam
1658 960 2008 1024 Palaeo-armenatn

246 1216 353 1269 retur.
370 1205 537 1267 Decessit
553 1225 600 1267 ex
616 1207 681 1267 hac
693 1204 769 1267 vita
781 1203 838 1266 die
853 1223 880 1283 7.
891 1206 971 1286 Apr.
986 1207 1077 1283 1807.
1157 1205 1226 1268 rito
1246 1205 1426 1268 Armenae
1453 1205 1676 1268 litteraturae
1698 1224 1839 1268 aureum
1858 1216 2008 1268 saecu·

334 1344 442 1406 plura
473 1354 658 1406 remanent
691 1343 950 1425 manuscripta,
986 1361 1078 1424 quae
1158 1329 1230 1390 lum
1245 1328 1416 1408 vocatur).
1439 1327 1555 1391 Huius
1570 1327 1746 1391 versionis
1767 1327 2008 1409 copiararis-

1159 1449 1262 1532 sima,
1283 1469 1376 1512 anno
1396 1469 1475 1530 1277
1493 1469 1599 1513 manu
1616 1449 1762 1531 scripta,
1777 1451 2008 1513 adservatum

1158 1572 1194 1635 in
1217 1573 1433 1635 bibliotheca
1458 1572 1806 1663 Mechitharistarum
1824 1571 2008 1634 vienna<

1159 1699 1226 1759 sub
1247 1715 1303 1759 no.
1324 1717 1376 1775 42·
1397 1697 1424 1760 1.
1441 1696 1555 1758 seriae
1576 1695 1669 1759 inter
1688 1705 1825 1759 ceteros
1843 1702 2008 1756 veteres

248 1465 358 1549 digna
375 1475 466 1546 sunt,
484 1475 523 1527 ut
539 1475 870 1527 commemorentur:

335 1609 357 1666 I.
386 1609 525 1665 Hundert
547 1609 667 1684 Fragen
693 1627 732 1664 an
759 1608 816 1664 den
840 1608 1000 1665 Veriasser
1025 1608 1080 1665 der

247 1714 432 1771 Broschlire:
460 1715 674 1785 ,Reilexionen
696 1715 779 1770 eines
796 1710 984 1770 Schweizers
1005 1711 1080 1770 fiber

247 1818 296 1876 die
313 1819 428 1893 Frage:
450 1816 490 1874 ob
507 1836 540 1875 es
557 1818 611 1875 der
627 1818 836 1875 katholischen
852 1817 1078 1892 Eidgenossen·
1159 1818 1301 1882 codices
1311 1817 1546 1880 Armeniacos
1557 1815 1829 1898 manuscriptos
1844 1814 1892 1877 Ex
1906 1815 2008 1876 hat

1159 1940 1263 2021 copia
1283 1939 1488 2003 authentica
1504 1938 1646 2020 paravit
1660 1939 1701 2003 P.
1719 1937 1783 2002 Th.
1800 1935 2008 1999 Muradiax

1159 2061 1349 2124 editionem
1381 2061 1457 2124 sine
1485 2062 1557 2124 ulla
1586 2059 1784 2125 mutatione
1812 2057 2008 2142 (exceptis

247 1923 346 1981 schait
362 1923 443 1980 nicht
455 1923 620 1998 zutralglich
633 1930 725 1990 ware,
742 1921 790 1978 die
803 1923 963 1997 regularen
975 1922 1079 1979 Orden

246 2025 1079 2103 ganzlichauizuhebenoderwenigstenseinzuschran·

248 2132 340 2189 ken“.
364 2131 480 2189 Auctor
501 2131 668 2209 respondet
688 2149 797 2206 magna
821 2151 887 2188 curn
909 2131 1079 2187 eruditione

247 2238 392 2294 historice
408 2250 438 2293 et
454 2237 659 2313 apologetice,
677 2238 706 2292 in
723 2235 774 2293 iol.
791 2250 854 2310 319
869 2255 897 2312 p.
915 2235 949 2291 ln
965 2237 1077 2293 archiv.
1158 2183 1349 2266 peranCis
1365 2183 1643 2267 orthographiae
1662 2183 1822 2264 mendis),
1837 2181 2008 2263 diligen*

248 2340 455 2398 Mum-Gries.
473 2340 512 2397 G.
530 2340 567 2397 11.
585 2340 608 2397 1.

334 2463 371 2519 11.
389 2463 525 2519 Beweise
542 2461 588 2518 1111
604 2461 709 2518 Muri's
722 2459 913 2537 Siegelrecht
924 2464 953 2518 in
966 2462 1078 2540 Bosvil,

1158 2315 1212 2367 ter
1234 2315 1355 2367 tamen
1376 2303 1545 2367 adhibitis
1569 2304 1663 2367 notis
1687 2304 1828 2368 criticis.
1859 2302 2008 2372 Eidem

1158 2424 1326 2509 praefixit
1341 2427 1577 2508 prooemium,
1595 2425 1630 2488 in
1646 2445 1718 2508 quo
1734 2445 1805 2489 non
1816 2425 1916 2488 solum
1941 2429 2005 2493 de

246 2567 306 2625 und
321 2567 427 2624 Muri’s
444 2567 560 2623 Rechte
577 2568 606 2622 in
622 2566 845 2643 Eppishausen.
863 2565 892 2645 (i.
907 2585 933 2624 e.
952 2568 998 2623 De
1014 2570 1078 2624 iure
1158 2549 1298 2612 sublimi
1315 2568 1447 2631 genere
1463 2548 1637 2611 sermonis
1654 2547 1856 2612 Armeniaci
1869 2546 1998 2616 inhac

246 2674 416 2748 signatorio
433 2668 502 2751 etc.)
519 2671 661 2746 Auszfige
677 2689 731 2727 aus
749 2670 910 2728 Archiven.
929 2670 1003 2729 Ibid.
1158 2672 1322 2735 versione
1335 2670 1467 2733 usitato
1481 2671 1567 2755 agit,
1578 2672 1761 2735 sedetiam
1775 2667 1930 2734 adfirmat
1942 2693 1986 2738 se

335 2794 387 2850 111.
414 2792 463 2850 Ob
492 2793 540 2850 die
567 2791 845 2850 Schweizerischen
871 2792 1079 2850 benedictiner

246 2898 302 2955 das
318 2898 416 2955 Recht
432 2896 540 2964 haben,
557 2896 760 2954 bischosliche
776 2915 865 2954 casus
878 2899 1026 2955 reservati
1042 2918 1078 2953 zu

1157 2794 1249 2856 hanc
1264 2794 1464 2856 versionem
1480 2793 1654 2876 singulari
1670 2794 1832 2857 cautione
1847 2802 1880 2855 et
1891 2811 1976 2859 cura

1159 2935 1237 2978 cum
1253 2926 1357 2978 textu
1370 2913 1509 2979 Graeco
1522 2916 1727 2980 contulisse.
1745 2916 1853 2979 Locos
1863 2924 1967 2978 autem

246 3002 428 3060 absolviren.
450 3000 480 3080 (i.
499 3020 525 3059 e.
543 3003 589 3058 De
606 3004 670 3059 iure
687 3001 949 3058 Benedictinorum
967 3002 1078 3059 Helve·
1158 3038 1205 3102 ali
1232 3048 1340 3101 nanto
1362 3038 1542 3101 variantes
1578 3039 1671 3102 inter
1694 3047 1830 3103 textum
1850 3047 1961 3099 etm-

248 3110 308 3164 tiae
331 3107 432 3183 quoad
460 3125 549 3163 casus
576 3119 752 3163 reservatos
776 3104 991 3185 episcopales.)
1019 3108 1078 3163 Re·
1207 3058 1230 3119 q
1542 3087 1552 3120 '

247 3212 378 3290 sponde,
394 3213 542 3286 negative.
560 3209 636 3267 lbid.
654 3210 704 3267 IV·
721 3209 744 3266 Ι.
1158 3161 1293 3224 sionem
1318 3171 1561 3243 occurrentes,
1585 3161 1760 3224 indicavit
1783 3162 1827 3223 ad
1848 3158 1956 3222 calcem
2006 3208 2008 3225 ,

1158 3284 1376 3367 singularum
1391 3283 1624 3347 Homiliarum
1633 3282 1674 3365 *).

1244 3412 1281 3467 11.
1291 3402 1956 3488 deelaravim-ild-Simitiim'

1158 3519 1200 3573 tio
1217 3515 1351 3573 funebris
1367 3511 1407 3593 (in
1422 3515 1524 3589 lingua
1539 3512 1756 3593 Neo-armena)
1776 3511 1876 3590 publice
1889 3519 1954 3582 pro·

1159 3622 1299 3678 nunciata
1322 3622 1350 3676 in
1374 3619 1504 3676 ecclesia
1527 3618 1694 3676 cathedrali
1713 3638 1786 3676 arm.
1806 3616 1869 3675 cath.
1883 3611 1956 3667 con·

1158 3724 1352 3801 stantinopoli
1369 3726 1399 3781 in
1416 3726 1484 3800 ipso
1501 3722 1619 3780 funebri
1635 3723 1686 3781 die
1697 3723 1799 3782 iacobi
1810 3723 1870 3786 1111,
1879 3701 1957 3791 primi

335 3333 385 3391 IV.
407 3333 541 3389 Diarium
559 3335 587 3389 in
604 3331 654 3389 fol.
672 3345 703 3389 et
718 3338 760 3405 4⁰.
782 3346 858 3406 1751
878 3351 966 3408 seqq.
988 3332 1077 3390 Itine-

246 3442 356 3498 tarium
373 3437 412 3494 ad
428 3439 614 3495 monasteria
629 3438 654 3493 F
655 3437 821 3512 ischingen‚
840 3436 884 3495 St.
898 3436 1006 3495 Galleu
1018 3438 1078 3494 und

247 3543 436 3601 Rorschach.
454 3540 529 3599 ibid.
546 3542 580 3600 F.
599 3542 636 3598 11.

334 3649 370 3707 V.
387 3647 626 3724 Biographische
639 3645 869 3721 Bemerkungen
886 3646 962 3703 ilber
973 3646 1078 3703 Fiirst·

143 3786 150 3807 ,
246 3752 299 3810 abt
314 3753 450 3810 Fridolin
466 3753 568 3829 Kopp.
591 3747 621 3828 (1.
642 3769 668 3808 e.
690 3752 802 3807 Notata
821 3750 1021 3826 biographica
1042 3751 1079 3807 de

247 3857 360 3915 abbate
376 3859 512 3933 principe
529 3852 707 3933 molino.)
725 3853 799 3912 Μ,
816 3855 852 3912 ΑΙ
871 3856 893 3912 1,
911 3856 963 3911 ΠΙ.
1159 3832 1236 3886 inter
1263 3831 1425 3905 optimates
1448 3828 1599 3885 Armenos
1627 3827 1739 3886 cathol.
1765 3829 1792 3884 in
1814 3822 1959 3881 Tartarum

1159 3935 1295 4009 imperio
1311 3933 1457 4000 Viennae,
1474 3934 1554 4008 typis
1570 3933 1716 3990 Mechith.
1737 3930 1822 4005 1847.

334 4002 554 4077 Muradian
570 4013 820 4076 Thaddaeus
838 4013 1080 4094 (Mechitha-

271 4132 278 4147 ·
579 4131 585 4145 .
701 4130 707 4144 .
761 4131 767 4144 .
1246 4064 1504 4159 Nagenzaun
1530 4062 1963 4157 Albertus(as.Petr⁰

246 4135 376 4215 rista),
401 4130 711 4213 Constant1n0p0h
735 4133 792 4193 dre
816 4152 865 4210 ²4·
887 4132 976 4211 Apr.
998 4134 1077 4210 1807

423 4255 429 4268 ·
573 4254 579 4267 .
828 4253 834 4266 .
976 4252 983 4265 .
1161 4191 1434 4275 Salisburgi),
1464 4203 1569 4255 natus
1596 4190 1796 4275 Salisburgi
1822 4209 1860 4266 14.
1876 4178 1964 4244 Nov.

247 4264 351 4318 natus
359 4304 368 4336 ,
384 4254 547 4317 V1ennae
571 4275 607 4316 m
628 4254 732 4317 Aust.
753 4254 878 4316 habrtu
902 4272 929 4317 s.
950 4253 1008 4315 dre
1030 4272 1080 4317 21.
1166 4334 1243 4394 1777
1269 4315 1425 4378 novitius
1439 4337 1489 4394 ²4·
1503 4313 1583 4379 Oet.
1602 4319 1682 4396 1795
1707 4306 1964 4385 monachuspw

248 4377 347 4460 Sept.
374 4381 453 4440 1823
477 4376 632 4458 indutus,
657 4377 714 4439 die
739 4381 768 4440 3.
793 4376 868 4440 Iun.
895 4379 973 4439 1825
996 4386 1081 4438 vota
1247 4364 1256 4395 ⁷
1373 4436 1405 4498 x,
1551 4441 1568 4499 8
1684 4365 1694 4398 '
1866 4414 2008 4491 Mart,

249 4501 375 4582 emisit,
392 4510 429 4563 et
445 4500 503 4562 die
518 4521 568 4563 22.
581 4499 668 4563 Dec.
686 4504 766 4578 1829
780 4507 1009 4562 consecratus
1025 4507 1081 4561 est
1161 4437 1277 4501 fessus
1302 4457 1352 4500 Μ’
1374 4466 1387 4498 ³
1407 4456 1462 4500 ⁰v'
1490 4456 1547 4516 ¹79
1570 4486 1580 4521 ’
1602 4446 1788 4521 neomysta
1809 4453 1852 4497 ²²¹

248 4625 448 4705 presbyter.
459 4622 500 4685 In
509 4622 724 4685 monasterio
738 4622 859 4684 docuit
870 4640 935 4702 per
947 4621 1081 4701 aliquot
1247 4666 1271 4731 .,
1291 4667 1404 4730 aq„
1423 4670 1458 4726 u·
1481 4670 1581 4732 Q,
1599 4671 1837 4730 ,tw-,mm
1853 4653 1958 4709 ,με

1159 4755 1610 4822 *eveniente-enam
1625 4761 1712 4820 *ev
1725 4730 1954 4824 awa-MR*

1155 4849 1216 4906 11ρρ,
1240 4846 1257 4894 i.
1283 4861 1305 4895 e.
1328 4847 1454 4895 Eiusdem
1478 4861 1498 4894 s.
1522 4846 1616 4910 Cyrilli
1640 4847 1867 4911 Hierosolymorum
1882 4823 1950 4883 “chr

1159 4933 1277 4999 episcopi
1306 4932 1419 4996 epistola
1445 4933 1478 4982 ad
1507 4933 1694 4983 Constantium
1722 4935 1888 4999 imperatorem:
1908 4909 1944 4960 θ’

1158 5022 1234 5085 signo
1257 5021 1342 5069 crucis
1360 5020 1553 5083 Hierosolymis
1576 5022 1649 5080 viso,
1674 5023 1746 5086 quod
1769 5022 1795 5071 in
1810 5007 1939 5069 melitii*

338 5109 458 5190 Opera
475 5110 551 5172 eius
567 5109 666 5192 typis
682 5109 794 5170 edita:
1158 5108 1217 5156 ruit.
1236 5109 1323 5157 Huius
1343 5107 1469 5172 epistolae
1488 5108 1576 5157 versio
1593 5123 1626 5157 ex
1641 5109 1747 5160 Graeco
1762 5110 1788 5159 in
1798 5094 1935 5157 rw*

1158 5210 1220 5244 num
1239 5210 1385 5246 sermonem
1404 5195 1542 5244 classicum
1562 5196 1636 5245 iacta
1655 5205 1696 5246 est
1711 5196 1821 5247 saecli.
1836 5193 1867 5242 Ex
1878 5185 1931 5232 W
2001 5244 2004 5248 .

334 5252 356 5307 I·
381 5254 427 5326 ΙΙ·
443 5251 564 5328 ild‘l'zd'
585 5248 716 5338 1¹12„AE
732 5250 983 5325 [ΜΨ-βων
1008 5254 1027 5307 i·
1052 5269 1078 5308 θ’
1159 5285 1257 5349 scripto
1276 5285 1367 5333 codice
1387 5285 1505 5333 eamdem
1524 5285 1595 5349 typis
1615 5286 1671 5334 suis
1690 5286 1822 5335 ediderunt
1836 5263 1930 5329 Velim
2001 5342 2003 5346 .

250 5351 323 5410 Seti.
336 5355 439 5429 Cyrilli
452 5356 673 5432 archiepiscopi
686 5354 968 5427 Hierosolymorum
981 5353 1079 5434 (octo·
1116 5354 1119 5408 Ι
1159 5372 1238 5420 rime
1258 5372 1387 5420 viennae.
1410 5372 1482 5431 ¹839·
2004 5352 2008 5357 ’

248 4764 359 4807 annos
371 4744 556 4808 historiam
569 4744 859 4808 ecclesiasticam.
877 4743 982 4806 Anno
999 4746 1077 4806 1835

151 4849 156 4859 ’
248 4864 376 4928 missus
404 4877 458 4928 est
484 4886 628 4929 munere
653 4865 864 4928 missionarii
894 4864 1079 4945 apostolici

247 1083 394 1146 sterium
411 1081 582 1163 defendit,
599 1102 644 1145 ne
661 1084 707 1145 ab
723 1082 885 1144 hostibus
901 1081 1077 1164 opprime·
1157 1083 1343 1145 classicam
1359 1081 1455 1145 facta
1475 1091 1531 1145 est
1551 1083 1698 1146 saeculo
1715 1082 1759 1147 V.
1785 1083 1880 1165 (quod
1897 1094 2008 1146 me·

249 4986 601 5068 Constantinopolim.
