4034 6262
629 520 885 592 ,5,-

138 707 229 787 Apr.
251 711 338 789 1843,
355 720 493 771 vestem
514 708 648 771 ordinis
669 709 719 770 in·

126 839 142 891 t
163 829 292 891 emissa
315 830 372 891 die
397 834 447 894 26.
468 831 559 893 Nov.
588 834 667 893 1865
692 849 718 893 s,

124 951 287 1013 sollemni
304 972 395 1015 anno
413 951 645 1033 subsequenti
662 951 720 1014 die

124 1076 228 1157 byter
239 1074 420 1136 ordinatus
438 1085 502 1137 est.
523 1073 719 1155 Postquam

124 1197 252 1258 abbate
278 1214 341 1257 suo
369 1195 486 1258 iussus
513 1194 718 1276 tentamina,

124 1330 166 1400 ta,
175 1336 221 1379 ex
231 1318 397 1380 universa
408 1317 590 1400 theologia
602 1316 718 1405 subie-

124 1458 134 1500 1
166 1440 372 1502 doctoratus
403 1441 524 1502 laurea
559 1438 719 1501 decorari

124 1561 244 1623 solutis
270 1561 414 1642 insuper
438 1561 473 1623 in
497 1562 623 1623 eadem
644 1560 719 1622 uni-

124 1684 265 1765 ragensi
300 1682 428 1745 studiis
464 1681 719 1764 philosophicis

124 1824 152 1866 m
185 1808 392 1867 catechetae
424 1815 460 1867 et
490 1804 652 1887 magistri
684 1804 718 1865 in

124 1926 252 2009 lngitur
268 1924 404 1990 officiis
547 1899 551 1907 Ι

124 2051 285 2109 nonoribus
302 2053 411 2107 domini
429 2049 549 2107 abbatis
565 2053 717 2128 Nepomu·

128 2176 207 2232 quae
224 2160 357 2231 quinque
373 2155 412 2212 ab
429 2171 556 2232 accepta
576 2154 718 2212 benedic·

124 2264 127 2316 i
146 2264 279 2337 peractis
292 2261 394 2316 lustris
407 2262 568 2316 Blevnovii
582 2258 718 2315 celebra-

126 2384 181 2423 en:
218 2365 346 2437 ,Worte
378 2364 432 2419 der
465 2364 629 2420 Ehrsurcht
659 2364 717 2419 und

127 2468 218 2543 1869,
237 2471 354 2544 Pragae
368 2469 453 2545 prelo
467 2468 647 2525 submissum
661 2482 716 2525 est.

124 2582 196 2656 {ka
237 2593 344 2654 Pius
387 2593 717 2673 (Bievnoveno

126 2715 167 2792 s),
204 2714 250 2773 ab
282 2711 485 2773 Albendorf
513 2711 717 2775 Bohemiae.

131 2853 159 2912 7.
183 2833 259 2896 Iun.
288 2838 378 2912 1850,
403 2834 527 2896 habitu
550 2833 717 2916 religioso

124 2976 139 3038 1,
155 2956 273 3018 emisit
286 2955 343 3016 die
358 2964 408 3018 28.
422 2954 521 3038 Sept.
540 2960 618 3034 1807
633 2965 717 3019 vota

124 3088 133 3141 t
146 3079 312 3141 absoluto
326 3097 430 3138 cursu
444 3078 646 3160 theologico
660 3078 717 3139 die

134 3202 325 3282 presbyter
341 3199 524 3261 ordinatus
541 3209 606 3263 est.
630 3199 717 3261 Mox

124 3321 297 3404 >sophicis
325 3322 470 3384 navavit
497 3339 653 3403 operam,
681 3332 717 3386 et

131 3447 179 3508 ad
192 3445 391 3506 docendum
405 3464 446 3505 ac
460 3443 526 3506 rite
539 3446 716 3525 approba-

146 3571 227 3646 1870
249 3566 283 3627 in
307 3565 496 3648 gymnasio
517 3550 716 3628 Braunensi

124 3689 187 3772 igit
206 3691 407 3751 matheseos
430 3699 465 3748 et
488 3688 715 3750 scientiarum

144 3810 258 3893 Quam
294 3811 339 3872 ad
372 3809 606 3872 describenda
642 3811 715 3872 ani-

124 3953 191 3996 lem
217 3934 378 3995 docendo
405 3903 578 3995 didicerat
602 3933 715 4013 aptio-

140 4057 175 4118 in
201 4056 328 4119 litteris
351 4055 529 4137 gymnasii
555 4055 713 4117 eiusdem

123 4178 291 4261 ivulgatis
308 4180 488 4242 disseruit:

124 4305 326 4378 emerkungen
341 4303 415 4360 iiber
428 4304 485 4360 den
497 4304 714 4379 zoologischen

124 4409 174 4466 der
190 4407 294 4475 Sexta,
312 4412 363 4465 mit
378 4408 566 4466 besonderer
582 4409 714 4464 Bertick·

124 4532 212 4570 'vom
225 4513 343 4569 Lehrer
359 4512 454 4569 selbst
470 4512 713 4569 herbeizuschaf·

124 4618 204 4674 littel.
229 4615 258 4694 (i.
282 4638 308 4673 e.
331 4619 442 4673 Notata
462 4617 609 4691 quaedam
634 4620 714 4674 circa

124 4719 321 4797 zoologicas.)

124 4844 713 4927 [ugo(ScotensislnatusVien-
752 4906 755 4935 Ι

798 725 875 767 rum
891 707 1096 770 domestica.
1120 707 1224 790 Exin,
1241 727 1320 770 cum
1336 727 1401 791 per
1416 711 1526 772 breve
1543 720 1629 773 tem-

799 847 866 909 pus
890 838 1050 891 curatum
1075 829 1210 911 egisset
1236 830 1282 891 ad
1309 849 1336 891 s.
1361 829 1567 893 Udalricum
1594 831 1629 894 in

798 949 944 1032 regione
964 951 1062 1012 urbis
1077 949 1168 1032 VII,
1193 951 1399 1032 capellanus
1420 953 1630 1035 campestris

799 1072 979 1153 copiarum
994 1072 1226 1155 imperialium
1240 1074 1449 1156 designatus
1461 1085 1526 1137 est.
1551 1075 1630 1156 Quo

797 1213 943 1258 munere
959 1194 1150 1277 diligenter
1164 1195 1317 1277 functus,
1340 1197 1487 1259 clericos
1506 1198 1542 1259 in
1557 1218 1629 1260 mo-

798 1317 953 1380 nasterio
968 1336 1123 1380 canones
1141 1318 1260 1381 docuit
1272 1337 1338 1399 per
1351 1339 1366 1398 7
1381 1338 1502 1401 annos,
1516 1321 1629 1382 donec

796 1439 950 1501 vicarius
981 1450 1036 1502 est
1065 1439 1185 1502 factus
1216 1440 1429 1523 Eggendorf
1460 1442 1495 1503 in
1526 1443 1628 1504 valle.

797 1561 910 1623 Paulo
931 1570 1013 1642 post
1035 1562 1070 1624 in
1091 1564 1342 1625 monasterium
1365 1582 1530 1625 reversus
1552 1584 1631 1626 cum

797 1683 846 1744 ibi
863 1683 1148 1747 concionatorem
1164 1683 1366 1747 festivalem
1384 1685 1466 1747 dein
1484 1686 1630 1748 domini-

798 1805 909 1867 calem
933 1804 1132 1867 ferventem
1157 1825 1196 1867 se
1222 1807 1476 1888 praestitisset,
1505 1828 1630 1870 munus

797 1928 885 1990 obiit
900 1929 1045 2009 parochi
1058 1929 1093 1991 in
1106 1930 1210 1991 domo
1223 1948 1420 2012 pauperum
1434 1942 1470 1993 et
1482 1932 1629 1994 militum

797 2049 1030 2113 invalidorum
1044 2070 1264 2130 1771—1779.
1281 2051 1338 2113 Ex
1347 2072 1417 2132 quo
1430 2053 1462 2115 ei
1475 2051 1630 2116 officium

797 2172 991 2254 subprioris
1004 2182 1040 2234 et
1053 2172 1198 2253 parochi
1211 2172 1473 2270 inmonasterio
1487 2176 1630 2236 deman·

797 2296 918 2357 datum
944 2303 1008 2376 est,
1034 2295 1128 2376 quod
1152 2296 1347 2375 prudenter
1369 2297 1630 2359 administravit

797 2435 909 2496 usque
926 2417 972 2478 ad
988 2425 1146 2498 mortem,
1165 2436 1257 2498 quae
1277 2436 1356 2479 eum
1373 2418 1553 2499 oppressit
1568 2439 1629 2481 an·

796 2557 862 2600 nos
879 2548 1001 2600 natum
1019 2543 1072 2619 57,
1090 2539 1148 2600 die
1165 2544 1216 2601 30.
1234 2539 1363 2601 ianuar
1382 2545 1473 2618 1787.

882 2659 995 2742 Typis
1012 2659 1124 2723 edidit
1140 2659 1328 2722 conciones
1346 2671 1552 2743 sequentes:

883 2787 906 2842 I.
924 2784 1065 2841 Lobrede
1082 2785 1135 2841 auf
1148 2785 1205 2842 den
1219 2787 1349 2860 heiligen
1362 2785 1544 2843 Bonifacius
1561 2783 1629 2864 (ie.

797 2890 913 2947 Concio
938 2892 1122 2965 panegyrica
1146 2888 1183 2945 de
1208 2910 1231 2946 s.
1257 2888 1434 2969 Bonifacio.)
1466 2905 1477 2946 1
1502 2891 1561 2946 vol.
1586 2890 1629 2948 8⁰.

796 2996 939 3063 Viennae,
962 2992 1051 3068 1767,
1069 2996 1149 3071 typis
1166 2993 1236 3052 nob.
1254 2996 1291 3051 de
1308 2994 1436 3052 Ghelen.

882 3100 920 3155 ΙΙ.
943 3099 1066 3174 Predigt
1081 3098 1155 3156 fiber
1171 3100 1227 3155 den
1245 3101 1356 3156 Zweck
1372 3099 1430 3155 und
1447 3100 1494 3155 (lie
1510 3101 1631 3157 zweck·

797 3206 927 3279 massige
952 3204 1113 3261 innerliche
1136 3204 1334 3278 Einrichtung
1357 3204 1410 3260 des
1432 3205 1631 3262 Armeninsti·

797 3322 886 3365 tutes.
911 3305 940 3385 (i.
958 3327 984 3364 e.
1002 3309 1117 3365 Concio
1135 3308 1171 3364 de
1189 3311 1315 3364 instituti
1333 3328 1499 3384 pauperum
1517 3308 1631 3387 genio.)

800 3428 810 3468 1
839 3413 899 3468 vol.
928 3412 970 3469 8⁰.
1003 3412 1150 3478 Viennae,
1183 3411 1278 3485 1783,
1307 3415 1388 3489 typis
1415 3414 1508 3469 Math.
1536 3413 1629 3470 Andr.

795 3516 942 3574 Schmidt.

881 3616 1028 3694 Czinar
1042 3630 1212 3693 Maurus
1224 3631 1381 3693 Paulus
1396 3633 1459 3713 (de
1476 3650 1503 3693 s.
1517 3631 1629 3693 Mon·

794 3757 833 3809 te
855 3748 1123 3832 Pannoniae),
1148 3769 1258 3831 eques
1280 3751 1413 3813 ordinis
1434 3751 1498 3812 ins.
1516 3750 1628 3812 Fran-

794 3870 878 3931 cisci
908 3870 1051 3953 Iosephi
1081 3872 1123 3954 Ι.,
1153 3850 1213 3935 aa.
1247 3874 1280 3936 ll.
1312 3884 1348 3935 et
1380 3870 1627 3954 philosophiae

793 3994 927 4075 doctor,
951 3995 1155 4057 academiae
1177 3995 1393 4056 eruditorum
1417 3991 1627 4074 Hungariae

794 4114 911 4176 socius
935 4117 1217 4198 correspondens
1224 4165 1233 4197 ,
1257 4117 1292 4178 in
1319 4114 1511 4178 Szakolcza
1535 4132 1623 4176 com.

793 4236 881 4299 Nitr.
899 4236 934 4298 in
950 4236 1136 4320 Hungaria
1153 4238 1210 4299 die
1226 4243 1278 4301 30.
1295 4236 1399 4299 Mart.
1420 4240 1499 4315 1787
1522 4255 1543 4297 a
1564 4253 1627 4315 pa-

792 4333 952 4421 rentibus
961 4371 1183 4442 augustanae
1196 4358 1430 4422 confessionis
1440 4369 1549 4438 ortus,
1562 4359 1626 4420 sed

792 4482 861 4544 iam
885 4503 974 4564 puer
1000 4484 1045 4544 ad
1068 4483 1274 4564 religionem
1303 4482 1394 4544 cath.
1422 4499 1626 4561 conversus

793 4623 819 4666 s.
843 4604 966 4666 habitu
991 4604 1048 4665 die
1072 4608 1123 4666 51.
1148 4602 1226 4666 Oct.
1252 4607 1330 4665 1802
1358 4602 1516 4682 indutus,
1541 4610 1626 4662 vota

793 4724 976 4787 sollemnia
992 4725 1049 4785 die
1071 4744 1118 4802 14.
1135 4722 1234 4806 Sept.
1254 4728 1333 4786 1808
1356 4722 1482 4786 emisit.
1509 4722 1626 4785 Abso-

792 4848 875 4908 lutis
900 4846 1030 4908 Iaurini
1054 4855 1090 4907 et
1112 4845 1148 4907 in
1172 4866 1198 4908 s.
1223 4855 1342 4908 monte
1367 4865 1393 4906 s.
1420 4843 1624 4926 theologiae

124 4962 166 5026 ia
188 4963 246 5024 die
268 4966 318 5024 26.
335 4963 409 5025 Iun.
432 4983 520 5045 1729,
538 4976 714 5029 monaste·
752 4940 755 5057 l
793 4969 929 5049 studiiS,
951 4967 1342 5051 1809-10Tyrnaviae,
1364 4964 1625 5029 1810-111au-

124 5104 168 5148 us
185 5092 241 5147 est
262 5105 286 5148 1.
303 5085 393 5148 Nov.
416 5106 505 5165 1740.
523 5087 626 5149 Votis
647 5089 714 5149 sol-

124 5235 127 5266 1
149 5229 175 5271 1.
194 5207 284 5270 Nov.
307 5213 387 5286 1750
404 5208 541 5270 emissis
558 5210 714 5271 celebra-

124 5354 150 5396 1.
172 5332 238 5395 Iul.
261 5335 340 5408 1752
363 5331 539 5412 primitiis,
565 5331 713 5412 primum

130 5452 320 5538 professor
328 5451 394 5514 fuit
407 5453 441 5514 in
451 5453 569 5515 schola
582 5454 713 5516 littera·

792 5090 857 5153 rini
879 5087 996 5152 officio
1016 5086 1227 5171 professoris
1247 5107 1367 5170 gymn.
1384 5086 1537 5167 functuS,
1558 5087 1625 5148 hoc

792 5231 884 5275 anno
922 5209 978 5271 die
1010 5214 1060 5271 23.
1092 5208 1181 5290 Apr.
1217 5211 1407 5291 presbyter
1442 5206 1625 5269 ordinatus

793 5344 857 5395 est.
882 5331 988 5393 Anno
1010 5334 1175 5393 1811—12
1195 5328 1377 5411 professor
1392 5329 1428 5392 in
1450 5347 1477 5389 s.
1494 5337 1625 5408 monte,

798 5458 964 5527 1812-14
991 5450 1152 5533 Posonii,
1190 5453 1356 5528 1814-15
1389 5451 1505 5512 denuo
1532 5445 1568 5508 in
1596 5466 1624 5511 s

1380 5555 1417 5616 7*
