4088 6270
814 475 1139 570 A-rtcv-

156 710 187 762 et
203 699 396 783 pontificem
419 702 622 764 Romanum
646 710 808 765 conserta
831 703 946 765 locum
969 702 1153 766 dederunt.
1192 702 1488 766 Monasteriorum
1512 704 1604 766 enirn
1628 703 1797 786 interfuit,
1821 714 1862 768 ut

165 840 355 903 conditorum
378 840 491 923 vitae,
520 840 579 923 qui
603 840 638 903 in
660 841 715 904 his
739 842 991 905 certaminibus
1013 842 1211 924 principem
1241 842 1356 904 locum
1384 843 1608 923 obtinebant,
1636 842 1748 905 veluti
1771 841 1866 906 Geb-

168 980 245 1042 hardi
264 979 519 1061 archiepiscopi
535 979 820 1063 Salisburgensis
837 983 847 1062 l
854 981 1085 1060 rodo-1081),
1111 980 1170 1061 qui
1195 1000 1214 1042 e
1237 980 1451 1043 monasterio
1475 982 1520 1043 ad
1538 1001 1564 1045 s.
1580 981 1750 1063 Blasium,
1766 981 1866 1043 cuius

176 1119 297 1182 monachi
313 1138 383 1181 non
399 1119 514 1181 minus
530 1139 635 1200 quam
649 1118 779 1182 fratres
795 1118 1045 1182 Hirsavienses
1061 1120 1189 1182 acriter
1212 1139 1277 1201 pro
1301 1119 1451 1183 ecclesia
1475 1122 1696 1203 pugnabant,
1721 1120 1866 1183 colonos

181 1259 334 1320 Admontes
358 1256 524 1339 deduxit,
556 1269 592 1319 et
619 1257 835 1320 successoris
866 1257 941 1320 eius
964 1257 1166 1320 Thiemonis
1191 1257 1440 1339 (1081—1101),
1469 1258 1529 1339 qui
1564 1268 1600 1321 et
1627 1258 1704 1340 ipse
1735 1257 1866 1321 ordinis

184 1419 201 1460 s.
215 1395 373 1459 Benedicti
396 1397 529 1458 sodalis
552 1396 588 1462 in
611 1396 862 1460 monasterium
878 1397 1125 1460 Admontense
1141 1397 1282 1460 omnino
1298 1399 1477 1459 desertum
1495 1396 1667 1459 coloniam
1684 1417 1730 1459 ex
1745 1396 1867 1458 Hirsa·
1947 1397 1950 1404 '

185 1535 260 1597 riensi
276 1534 426 1618 miserat,
458 1543 494 1598 et
516 1535 757 1614 Adalberonis
784 1535 1071 1618 Herbipolensis,
1104 1536 1163 1617 qui
1193 1536 1445 1598 monasterium
1473 1535 1717 1598 Lambacense
1749 1535 1868 1598 condi·

186 1673 258 1753 derat,
276 1683 308 1736 et
329 1673 514 1736 Altmanni
537 1673 795 1756 Passaviensis,
819 1674 1024 1737 monasterii
1046 1673 1288 1738 Gottvicensis
1313 1674 1514 1745 conditoris
1539 1673 1809 1755 exquirerentur
1833 1682 1869 1736 et

187 1811 449 1890 perscriberentur.
494 1812 620 1894 Itaque
653 1812 861 1894 prodierunt
892 1813 928 1875 in
959 1813 1173 1876 monasterio
1197 1812 1433 1875 Admontensi
1464 1813 1559 1876 vitae
1587 1815 1621 1877 b.
1646 1811 1867 1892 Gebhardi1)

187 1959 209 2008 et
223 1949 397 2012 lhiemonis
413 1952 446 2031 ²),
477 1949 711 2014 Lambacensi
733 1950 808 2014 vita
831 1953 864 2013 b.
888 1951 1127 2014 Adalberonis
1141 1954 1183 2032 ³),
1216 1949 1441 2014 Gottvicensi
1471 1951 1545 2013 vita
1574 1953 1609 2015 b.
1633 1951 1816 2014 Altmanni
1833 1953 1867 2031 t).

188 2084 236 2148 Has
251 2088 330 2150 vitas
354 2088 538 2171 excipiunt
562 2089 708 2173 „Passio
732 2087 977 2170 Cholomanni,
1006 2090 1147 2170 patroni
1175 2090 1377 2152 monasterii
1400 2089 1637 2152 Mellicensis“
1653 2091 1677 2171 ⁵)
1709 2100 1745 2152 et
1775 2089 1869 2172 „vita

187 2223 207 2285 b.
217 2224 372 2289 Bertholdi
394 2228 535 2290 abbatis
553 2226 777 2291 Garstensis“
797 2231 1033 2311 (ruo—1143)
1063 2231 1084 2309 ).
1130 2229 1194 2291 Illa
1216 2228 1404 2292 referenda
1427 2241 1482 2292 est
1505 2231 1550 2290 ad
1567 2229 1868 2309 Erchenfriedum,

186 2361 317 2428 Abbatem
339 2367 582 2429 Mellicensem
606 2368 854 2467 (um-1163),
880 2367 939 2448 qui
967 2367 1001 2429 in
1030 2367 1244 2430 monasterio
1268 2387 1332 2429 suo
1356 2367 1511 2430 studium
1541 2367 1737 2430 litterarum
1762 2367 1867 2429 enixe

186 2500 340 2587 adiuvabat,
364 2506 453 2567 haec
476 2507 521 2567 ad
545 2505 705 2588 ignotum
728 2508 937 2569 monachum
960 2504 1201 2587 Garstensem,
1226 2478 1351 2588 magni
1370 2505 1511 2568 abbatis
1534 2506 1730 2587 aequalem.

271 2645 332 2707 His
361 2646 581 2727 temporibus
612 2646 648 2708 in
675 2645 821 2708 Austria
853 2646 958 2708 etiam
989 2645 1136 2708 historia
1169 2645 1386 2727 singulorum
1418 2646 1710 2709 monasteriorum
1742 2644 1868 2707 litteris

186 2782 299 2845 mandari
320 2795 448 2865 coepta
472 2793 536 2865 est,
561 2805 630 2866 qua
653 2785 689 2847 in
712 2804 750 2847 re
773 2785 935 2847 monachi
952 2785 1152 2867 exemplum
1168 2785 1372 2847 monasterii
1395 2785 1441 2847 ad
1463 2805 1489 2846 S.
1506 2785 1651 2847 Petrum
1667 2783 1868 2866 Salisburgi

187 2921 260 2981 secuti
278 2934 363 3005 sunt,
388 2924 449 2985 ubi
472 2925 600 3005 partim
624 2925 784 2987 monachi
801 2924 929 3006 partim
946 2924 1105 2986 canonici
1121 2907 1267 2985 annales
1285 2922 1507 2985 conscribere
1523 2942 1594 2985 non
1612 2923 1824 2986 destiterunt
1834 2924 1868 3005 ⁷).

188 3053 266 3137 itque
284 3062 384 3143 primi
407 3063 569 3125 monachi
592 3063 817 3126 Mellicenses
849 3067 928 3124 1123
962 3061 1103 3125 circiter
1133 3062 1277 3124 annales
1308 3060 1481 3124 conficere
1513 3072 1706 3143 coeperunt
1737 3082 1869 3144 eosque

188 3201 318 3274 usquead
341 3203 521 3264 saeculum
545 3202 647 3266 XVI.
670 3205 924 3284 produxerunt.
962 3201 1098 3264 Horum
1121 3201 1258 3264 initium
1282 3220 1328 3262 ex
1352 3200 1506 3282 epitome
1523 3200 1760 3283 sangallensi,
1778 3219 1869 3281 quae

139 3420 141 3425 Ι
189 3347 297 3418 vocatur,
318 3350 353 3402 et
377 3338 550 3403 Chronico
566 3341 735 3404 Bernoldi
759 3351 978 3423 assumptum
1003 3353 1066 3404 est.
1097 3342 1138 3404 In
1155 3342 1340 3403 annalibus
1357 3341 1623 3403 Mellicensibus
1640 3340 1868 3404 conficiendis

189 3510 448 3531 κ*

139 3594 144 3767 ι)
277 3629 294 3706 ¹)
315 3631 402 3688 Edid.
419 3629 622 3688 Wattenbach
646 3630 725 3708 apud
748 3632 844 3700 Pertz,
869 3633 1001 3688 Monum.
1027 3631 1129 3688 Germ.
1155 3630 1211 3689 SS.
1235 3632 1287 3688 XI.

276 3758 293 3839 ²)
312 3760 398 3818 Edid.
431 3760 508 3817 idem
538 3773 645 3817 auctor
675 3763 704 3816 in
735 3759 840 3816 eodem
872 3779 975 3836 opere.
1009 3761 1055 3816 De
1079 3762 1140 3817 vita
1163 3780 1258 3836 nuper
1285 3763 1405 3817 inventa
1429 3759 1497 3817 vide
1521 3763 1550 3817 in
1573 3760 1686 3818 Archiv
1710 3761 1729 3818 1.
1755 3767 1865 3817 dsterr.

191 3861 331 3941 &seliobre
355 3889 426 3931 tom.
452 3889 503 3946 54.

276 4001 294 4079 ³)
313 4004 399 4060 Edid.
415 4001 618 4060 Wattenbach
634 4002 714 4079 apud
730 4004 815 4058 Pertz
834 4003 851 4059 1.
869 4023 894 4059 c.
911 4000 967 4059 SS.
985 4003 1051 4059 XII.
1076 4001 1113 4059 cl.
1132 4003 1184 4059 Dr.
1201 4001 1394 4060 Schmieder:
1418 4002 1604 4079 Argumenta
1620 4005 1716 4061 cultus
1731 4002 1762 4060 b.
1778 4003 1869 4060 Adat-

194 4099 274 4168 beronis
292 4117 424 4192 episcopi
441 4114 732 4190 Wircesburgensis.
757 4117 900 4183 Viennae,
929 4113 1020 4173 1868.

277 4242 295 4322 ⁴)
315 4246 398 4305 Edid.
417 4244 619 4303 Wattenbach
643 4245 723 4321 apud
745 4247 832 4303 Pertz
855 4248 874 4302 l.
899 4265 925 4303 c.
949 4244 1006 4303 SS.
1030 4247 1096 4303 Xll.
1121 4248 1218 4304 Vitam
1241 4245 1271 4304 b.
1294 4247 1443 4304 Altmanni
1473 4249 1637 4305 monachus
1661 4249 1869 4306 Gottvicensis

194 4361 245 4404 iussu
262 4355 363 4417 abbatis
379 4359 594 4417 Chadalhochii
612 4355 847 4436 (1125-1141)
871 4361 1000 4435 scripsit.
1033 4359 1149 4416 Eodem
1173 4360 1294 4416 saeculo
1317 4360 1376 4416 alia
1399 4379 1522 4436 quoque
1537 4364 1599 4418 vita
1615 4362 1701 4417 huius
1719 4364 1869 4438 episcopi.

196 4459 226 4525 111
241 4481 334 4545 Semper
355 4492 374 4529 a
396 4469 534 4549 partibus
559 4471 703 4546 Gregorii
719 4472 784 4529 Vll.
809 4485 943 4539 steterat,
969 4475 1141 4548 conscripta
1164 4485 1219 4529 est.

276 4598 297 4677 .⁵)
317 4602 402 4658 Edid.
425 4603 524 4658 Waitz
548 4602 577 4657 in
600 4603 687 4658 Pertz
712 4603 729 4658 1.
754 4621 779 4658 c.
804 4600 860 4659 SS.
886 4603 935 4659 lV.
964 4603 1051 4659 Vitae
1074 4603 1270 4660 Cholomanni
1299 4603 1469 4660 Bernardus
1498 4603 1661 4660 monachus
1689 4605 1870 4661 Mellicensis

198 4698 253 4759 *Vm
270 4727 288 4767 s.
301 4711 447 4771 Gothalmi
471 4716 551 4770 servi
575 4734 599 4770 s.
617 4714 813 4771 Cholomanni
830 4713 963 4771 adiunxit
985 4712 1064 4792 (Pez,
1081 4719 1184 4791 script.
1201 4735 1259 4772 rer.
1276 4716 1379 4772 Austr.
1396 4713 1441 4794 1.),
1459 4718 1507 4772 cui
1524 4715 1597 4772 fides
1615 4716 1758 4772 historiae
1774 4717 1869 4774 deest.

280 4834 298 4918 6)
317 4844 400 4901 Edid.
422 4845 490 4913 Pez‚
514 4843 626 4920 Script.
651 4863 709 4900 rer.
731 4844 832 4900 Austr.
855 4845 890 4900 ΙΙ.
915 4843 1131 4919 Adiungendae
1159 4859 1227 4902 sunt
1251 4848 1312 4902 rita
1335 4845 1465 4903 Conradi
1490 4847 1511 4903 1.
1541 4845 1673 4920 archiep.
1699 4843 1867 4920 Salisburg.

199 4945 273 5003 “Via
289 4968 314 5010 et
333 4958 475 5014 miracula
498 4976 522 5013 s.
539 4957 654 5025 Vitatis,
678 4958 762 5013 cuius
786 4958 873 5030 origo
897 4969 1037 5013 accurate
1056 4957 1162 5014 referri
1179 4976 1238 5014 non
1254 4970 1364 5033 potest.
1398 4958 1450 5014 llla
1466 4957 1591 5014 forsitan
1607 4959 1770 5025 canonicis,
1794 4958 1869 5015 haec

200 5061 304 5122 monchis
323 5070 358 5126 ad
381 5090 405 5127 s.
429 5070 549 5125 Petrum
572 5068 755 5144 assignanda
779 5082 834 5125 est.

285 5193 303 5272 ⁷)
321 5197 540 5266 wattenbach,
569 5199 790 5256 Deutschlands
819 5199 1119 5273 Geschichtsquellen
1148 5200 1184 5256 II.
1220 5200 1409 5270 „Chronicon
1433 5197 1683 5275 Salisburgense“
1709 5219 1727 5255 a
1755 5201 1812 5256 Pez
1840 5201 1869 5254 in

201 5282 273 5372 smpt-
295 5330 344 5369 rer.
371 5313 474 5370 Austr.
507 5313 543 5369 Il.
576 5313 705 5378 editum,
739 5312 819 5386 quod
855 5313 1031 5369 monachum
1066 5310 1328 5388 Salisburgensem
1363 5314 1580 5389 conscripsisse
1615 5313 1776 5368 verisimile
1812 5324 1868 5378 est,

201 5414 280 5472 sattulo
297 5424 369 5483 XVI.
392 5427 514 5502 prodiit.
539 5414 667 5491 Lorena‚
692 5425 995 5500 Geschichtsquellen
1018 5427 1041 5482 1.
