4034 6262
905 489 1185 577 „403-

181 699 363 757 Gebrauche
380 699 427 756 iiir
443 700 500 756 den
517 698 690 757 Unterricht
709 700 738 753 in
760 697 814 753 der
830 711 932 753 ersten
947 696 1006 752 und

179 808 305 862 aweiten
320 805 436 862 Classe.
461 802 490 882 (i.
512 823 539 861 e.
564 803 695 878 Etymol.
717 816 747 859 et
767 816 884 877 syntax.
906 802 1005 859 Latin.
1044 850 1048 869 ,

179 909 217 965 ad
234 928 318 966 usum
335 907 520 988 applicatio.)
552 924 563 964 1
587 907 648 965 vol.
677 907 718 965 80.
743 908 887 973 Viennae,
916 905 1006 978 1848,

178 1014 259 1090 apud
274 1015 324 1070 Fr.
341 1013 435 1070 Beck.
554 1068 557 1073 ,

266 1118 317 1175 IV.
335 1116 493 1173 Leitladen
509 1114 588 1172 beim
602 1116 793 1175 Unterrichte
809 1118 838 1172 in
854 1114 908 1172 der
923 1115 1008 1171 deut·

178 1223 272 1280 seben
298 1223 442 1278 Formen·
466 1221 525 1277 und
549 1220 705 1278 Satzlehre
734 1220 780 1277 1111
807 1220 855 1277 die
882 1233 1008 1276 unteren

179 1326 310 1383 Klassen
331 1325 385 1382 der
405 1326 592 1400 Gymnasien
613 1325 670 1381 und
692 1324 900 1382 Realschulen.
924 1325 1008 1380 Nach

179 1431 237 1487 den
269 1444 413 1487 neuesten
443 1431 609 1487 deutschen
636 1428 889 1506 Sprachbfichern
918 1427 1008 1485 bear-

179 1533 283 1591 beitet.
301 1531 330 1611 (i.
348 1554 373 1591 e.
391 1532 493 1600 Liber,
511 1552 600 1609 quem
617 1536 702 1608 quasi
720 1534 826 1591 ducem
842 1549 1009 1609 sequantur

180 1642 209 1695 in
225 1639 363 1696 docenda
379 1638 480 1713 lingua
497 1636 671 1716 Germana.)
693 1653 703 1694 1
724 1640 784 1695 vol.
803 1638 846 1696 8⁰.
863 1638 1007 1707 Viennae,

184 1744 275 1817 1849,
292 1744 372 1820 apud
388 1745 437 1800 Fr.
454 1742 547 1800 Beck.
570 1744 644 1799 Cum
661 1743 807 1819 complur.
826 1745 923 1800 iterat.
937 1743 1007 1799 edit.

267 1866 303 1923 V.
312 1865 721 1941 Theoretisch·praktisches
734 1866 925 1923 lateinisches
937 1866 1008 1922 Ele·

181 1968 375 2027 mentarbuch
397 1969 444 2025 fiir
463 1969 511 2026 die
527 1986 607 2027 erste
624 1969 908 2044 Gymnasialclasse.
933 1968 962 2048 (i.
980 1990 1007 2028 e.

180 2073 284 2142 Liber,
309 2076 337 2130 in
360 2093 422 2149 quo
447 2075 567 2148 linguae
581 2075 708 2131 Latinae
732 2073 923 2132 fundamenta
948 2090 1008 2130 tra·

180 2176 309 2258 duntur.)
330 2195 341 2237 1
358 2179 418 2235 tol.
436 2177 478 2235 8⁰.
495 2179 638 2245 Viennae,
657 2178 747 2252 1850,
759 2179 838 2256 apud
851 2180 901 2235 Fr.
916 2180 1006 2237 Beck.

180 2283 254 2339 Cum
271 2285 368 2339 iterat.
385 2285 518 2359 quinque
534 2282 605 2340 edit.
630 2284 689 2353 Qui
706 2283 782 2341 liber
798 2286 860 2340 aP.
874 2285 1007 2341 Henrico

180 2387 353 2455 Mascheck,
377 2387 456 2463 prol.
481 2389 509 2443 in
532 2389 690 2462 gymnasio
714 2387 752 2443 ad
773 2388 885 2445 Scotos
908 2388 1007 2445 denuo

180 2488 353 2548 elaboratus
377 2491 475 2547 editus
500 2505 545 2547 est
565 2492 709 2560 Viennae,
739 2492 829 2566 1871,
854 2492 934 2590 apud
957 2494 1007 2549 Fr.

180 2595 271 2652 Beck.

266 2700 316 2758 VI.
345 2700 554 2756 Lateinisches
578 2700 673 2756 Lese·
698 2701 756 2756 und
783 2699 1008 2776 Uebungsbuch

180 2803 227 2860 fiir
250 2803 298 2860 die
320 2806 425 2860 zweite
450 2803 734 2879 Gymnasialclasse.
765 2805 820 2861 Als
842 2804 1010 2880 Voritbung

179 2926 232 2963 zur
248 2908 380 2964 Lectitre
396 2907 450 2964 des
467 2907 625 2964 Cornelius
642 2909 746 2983 Nepos
763 2909 839 2966 nach
851 2910 1009 2967 Putsche’s

180 3012 279 3069 latein.
296 3011 485 3069 Grammatik
501 3012 649 3088 geordnet
663 3014 722 3071 und
737 3012 916 3072 bearbeitet.
934 3013 962 3093 (i.
982 3034 1008 3072 e.

179 3115 283 3184 Liber,
301 3135 361 3192 quo
377 3119 462 3192 pueri
480 3119 671 3175 instituuntur
692 3118 729 3176 ad
751 3119 908 3176 lectionem
925 3121 1009 3176 Lati·

180 3220 269 3300 nam.)
298 3222 388 3279 1101.
413 3222 454 3279 80.
472 3219 618 3290 Viennae,
641 3223 731 3297 1851,
753 3223 832 3300 apud
848 3225 898 3281 Fr.
915 3225 1007 3281 Beck.

179 3327 253 3383 Cum
271 3329 368 3384 iterat.
386 3344 405 3400 q
422 3327 492 3383 edit.
517 3327 574 3384 Hic
599 3327 674 3384 liber
697 3348 715 3384 a
739 3330 771 3385 P.
793 3329 927 3386 Henrico
944 3330 1008 3386 Ma·

179 3433 292 3489 scheck
300 3431 399 3489 denuo
409 3430 582 3488 elaboratus
592 3432 691 3488 editus
701 3447 747 3488 est
757 3433 901 3501 Viennae,
917 3433 1007 3507 1873,

177 3537 257 3612 apud
274 3537 323 3592 Fr.
342 3537 435 3594 Beck.

265 3642 330 3699 Vll.
344 3641 537 3697 Lateinische
550 3640 822 3715 Schulgrammatik
839 3641 886 3698 liir
902 3642 950 3698 die
967 3657 1007 3709 2.,

177 3760 207 3818 3.
238 3745 295 3801 und
323 3762 352 3818 4.
378 3745 483 3803 Classe
507 3745 561 3802 des
585 3747 896 3820 Untergymnasiums.
925 3745 955 3824 (i.
980 3766 1006 3805 e.

176 3850 380 3908 Grammatica
396 3851 505 3907 Latina
525 3869 582 3926 pro
600 3867 628 3907 2.
646 3866 675 3922 3.
694 3865 724 3907 et
740 3851 876 3923 4..class.
894 3849 1007 3930 gymn.)

180 3971 191 4013 1
212 3957 272 4013 vol.
289 3955 332 4013 8⁰.
348 3957 493 4021 Viennae,
515 3953 606 4028 1854,
624 3956 703 4031 apud
720 3956 770 4011 Fr.
788 3956 879 4013 Beck.

262 4079 342 4137 Vlll.
366 4080 559 4136 Lateinische
585 4078 775 4135 Grammatik
803 4079 850 4135 fiir
873 4079 1007 4154 Gymna-

174 4186 249 4241 sien.
270 4181 299 4261 (i.
317 4202 343 4240 e.
365 4183 569 4240 Grammatica
586 4183 694 4240 Latina
710 4185 739 4239 in
757 4203 841 4240 usum
858 4182 1006 4262 gymnas.)

179 4289 270 4346 1vol.
294 4289 337 4347 80.
359 4290 502 4357 Viennae,
525 4288 615 4362 1858,
639 4288 720 4364 apud
744 4288 792 4345 Fr.
814 4288 905 4345 Beck.
932 4289 1005 4345 Cum

173 4393 298 4470 subseq.
317 4411 332 4451 2
352 4394 421 4451 edit.

260 4500 312 4556 lx.
336 4501 527 4575 Conscripsit
550 4498 587 4554 ad
609 4516 793 4574 programm.
811 4516 947 4573 gymnas.
969 4498 1006 4553 ad

173 4604 285 4663 Scotos
309 4623 365 4680 pro
389 4623 467 4660 anno
496 4602 590 4675 1855:
617 4601 846 4675 Bemerkungen
867 4601 943 4658 iiber
958 4602 1006 4658 die

172 4710 497 4787 Hauptdeclinationen
510 4708 564 4764 der
576 4708 730 4763 Lateiner.
745 4704 773 4783 (i.
785 4725 811 4762 e.
822 4706 1005 4762 Dissertatio

171 4817 207 4873 de
224 4814 476 4872 declinationibus
492 4814 665 4889 praecipuis
681 4812 801 4885 linguae
818 4811 886 4867 Lat.

258 4961 509 5036 Schirmann
540 4969 811 5033 Coelestinus
846 4968 1005 5051 (Cremi-

171 5092 188 5154 1
191 5112 294 5155 anen
303 5091 335 5152 si
344 5095 383 5171 s),
397 5102 504 5152 antea
513 5089 674 5172 Alexius,
685 5088 1004 5152 AustriacusWel-

172 5215 295 5295 sensis,
313 5214 370 5275 die
391 5233 438 5292 17.
452 5212 517 5275 Iul.
535 5212 618 5274 anni
636 5232 716 5290 1724
733 5224 847 5293 natuS,
866 5212 1003 5274 decimo

173 5337 301 5398 aetatis
309 5354 402 5397 anno
413 5333 651 5416 Crumlovilum
666 5333 701 5395 in
713 5334 884 5396 Bohemia
898 5334 1002 5396 situm

173 5456 348 5519 deductus
361 5468 425 5537 est,
442 5455 669 5538 gymnasium
681 5466 822 5535 patrum
837 5476 907 5519 soc.
921 5455 1003 5518 Iesu
1041 5524 1044 5536 Ι

1086 691 1218 753 ibidem
1238 690 1548 772 frequentatums;
1570 686 1764 751 Crumlovio
1777 688 1866 754 Cremi-

1086 811 1206 874 fanum
1222 811 1331 893 venit,
1352 811 1542 894 poeticam,
1564 810 1775 893 rhetoricam,
1791 814 1866 894 philo·

1087 934 1248 1016 sophiam
1258 935 1588 1015 comprehensurus.
1607 931 1740 995 Exacto
1750 933 1866 996 tirocinio

1089 1077 1139 1135 24.
1156 1056 1245 1137 Apr.
1267 1061 1344 1135 1743
1362 1054 1528 1138 religioni
1544 1073 1673 1118 nomen
1689 1055 1778 1117 dedit
1790 1067 1817 1117 et
1827 1058 1867 1117 ab

1088 1179 1214 1242 solutis
1223 1177 1424 1261 Salisburgi
1436 1177 1650 1261 theologicis
1662 1177 1779 1240 studiis
1788 1197 1869 1240 sacer·

1087 1301 1153 1363 dos
1169 1299 1286 1364 lactus
1308 1310 1363 1364 est
1384 1301 1442 1363 die
1462 1320 1488 1361 1.
1505 1300 1596 1363 Nov.
1617 1303 1707 1379 1748.
1728 1298 1870 1361 Professor

1088 1424 1359 1506 grammaticae,
1390 1432 1602 1506 syntaxeos,
1634 1423 1680 1484 ab
1709 1440 1791 1484 anno
1814 1425 1868 1500 1751

1088 1544 1336 1627 philosophiae
1364 1545 1558 1608 secundum
1578 1542 1701 1606 Wolfii
1721 1554 1871 1625 praecepta

1088 1666 1286 1749 professor,
1324 1666 1452 1729 deinde
1483 1665 1667 1747 professor
1696 1664 1872 1747 theologiae:

1090 1791 1220 1872 „decus
1237 1801 1273 1852 et
1289 1799 1533 1852 ornamentum
1550 1787 1769 1851 academiae“
1782 1787 1872 1869 appel·

1087 1912 1195 1986 latus;
1223 1916 1387 1991 17⁶4-72
1405 1911 1511 1994 prior,
1532 1912 1580 1973 ab
1599 1929 1693 1973 anno
1712 1928 1782 1989 1772
1799 1927 1873 1990 paro-

1088 2035 1174 2096 chus
1190 2033 1224 2095 in
1241 2033 1439 2105 Thalheim;
1465 2035 1545 2112 1778
1568 2032 1721 2095 director
1734 2030 1873 2093 facultatis

1087 2154 1354 2237 philosophicae
1370 2152 1568 2216 Linciensis
1591 2164 1628 2216 et
1647 2153 1802 2215 librorum
1817 2170 1872 2214 cen·

1087 2295 1146 2338 sor
1161 2296 1227 2358 per
1243 2277 1365 2338 decem
1381 2295 1493 2338 annos
1509 2278 1577 2338 hoc
1593 2294 1736 2338 munere
1753 2273 1871 2345 functus

1092 2403 1170 2478 1787
1188 2398 1452 2461 administrator
1467 2398 1665 2461 decanatus
1678 2395 1872 2460 Gmundensis

1088 2531 1125 2584 et
1147 2541 1192 2583 rr.
1217 2520 1417 2584 consistorii
1440 2519 1681 2601 consiliarius,
1704 2520 1872 2601 paulopost

1089 2645 1246 2706 decanus
1258 2642 1541 2706 Thalheimensis
1553 2642 1643 2705 obiit
1659 2647 1709 2706 31.
1720 2641 1796 2704 Maii
1809 2644 1870 2719 1795·

1176 2791 1394 2873 Conscripsit
1410 2792 1580 2874 typisque
1597 2791 1770 2875 vulgavit:

1175 2945 1198 3000 l.
1215 2945 1385 3000 Positiones
1402 2962 1439 3000 ex
1456 2945 1478 3001 l.
1495 2959 1526 3000 et
1541 2945 1579 3001 ll.
1597 2957 1684 3021 parte
1698 2944 1870 3000 institutionum

1089 3049 1240 3125 physices.
1265 3049 1320 3104 His
1344 3048 1462 3105 additus
1485 3061 1533 3105 est
1553 3062 1734 3125 conspectus
1748 3050 1820 3103 trium
1831 3046 1871 3119 pri·

1089 3171 1202 3210 marum
1220 3156 1413 3229 positionum.
1431 3152 1550 3229 Styrae‚
1572 3151 1664 3227 1756.
1681 3159 1723 3226 4⁰.
1738 3151 1774 3225 46
1788 3171 1812 3228 p.

1176 3284 1213 3340 II.
1231 3284 1277 3340 De
1294 3284 1404 3340 mundo
1420 3287 1545 3360 optim0,
1563 3283 1703 3351 libertati,
1719 3283 1844 3360 potentiae
1852 3292 1872 3330 et

1088 3391 1254 3464 sapientiae
1271 3389 1330 3445 Dei
1348 3391 1633 3446 convenientissimo
1653 3388 1809 3445 dissertatio
1824 3400 1871 3438 aca-

1088 3491 1212 3549 demica.
1230 3492 1349 3569 Styrae‚
1372 3492 1462 3566 1756,
1479 3500 1523 3567 4⁰.
1540 3496 1608 3550 mai.
1630 3491 1689 3550 160
1704 3512 1732 3569 p.

1175 3646 1368 3708 Praeterea
1392 3645 1512 3708 variae
1539 3647 1733 3728 positiones
1757 3644 1870 3726 philoso

1087 3767 1231 3850 phicae,
1262 3769 1347 3830 item
1378 3767 1602 3850 theologicae
1632 3767 1670 3831 in
1701 3759 1869 3831 academicis

1087 3889 1388 3971 disputationibus
1415 3891 1462 3952 ab
1491 3890 1618 3953 eodem
1645 3888 1827 3972 propositae
1845 3892 1869 3942 et

1085 4013 1183 4094 typis
1200 4012 1432 4096 Styrensibus
1448 4013 1620 4096 vulgatae
1636 4024 1734 4077 sunt:

1173 4175 1224 4232 ΙΙΙ.
1250 4175 1476 4232 Elucidationes
1501 4177 1529 4231 in
1554 4176 1752 4233 institutiones
1772 4171 1869 4250 philoso-

1086 4281 1175 4356 phiae
1191 4280 1363 4337 Wollranae
1380 4281 1567 4338 theoreticae
1584 4294 1613 4337 et
1629 4282 1781 4357 practicae.
1793 4276 1836 4333 ils.

1173 4411 1223 4468 IV.
1241 4411 1323 4468 Varii
1340 4411 1377 4468 de
1394 4412 1461 4468 Deo
1478 4430 1549 4479 uno,
1572 4411 1609 4468 de
1626 4412 1693 4468 Deo
1708 4412 1786 4475 trino,
1799 4406 1826 4462 de
1837 4420 1869 4459 sa·

1087 4518 1261 4580 cramentis,
1289 4516 1327 4572 de
1354 4519 1466 4590 gratia,
1495 4516 1532 4573 de
1559 4515 1676 4574 actibus
1697 4515 1814 4572 humanis
1830 4523 1869 4563 etc.

1087 4635 1232 4678 tractatus
1250 4620 1425 4694 theologici.
1443 4622 1500 4677 hls.

1172 4744 1207 4800 V.
1240 4743 1465 4817 chronologica
1497 4743 1648 4800 ecclesiae
1674 4733 1867 4799 Thalheimensis

1085 4849 1220 4904 historia.
1237 4848 1293 4903 hls.

1170 4984 1363 5046 Praeterea
1379 5003 1421 5045 eo
1438 4984 1604 5064 praeside
1619 4985 1686 5046 hae
1701 4972 1867 5062 disputatio

1084 5127 1147 5170 nes
1163 5108 1199 5169 ih
1215 5105 1398 5169 academia
1415 5105 1588 5168 nobilium
1604 5106 1742 5168 habitae
1756 5110 1833 5164 sunt:

1170 5250 1221 5307 Vl.
1244 5250 1445 5320 Quaestiones
1467 5263 1498 5304 et
1519 5251 1687 5324 positiones
1709 5266 1743 5304 ex
1761 5240 1865 5320 prolego·

1083 5358 1178 5412 menis
1205 5354 1430 5431 philosophiae,
1458 5353 1559 5427 logica
1586 5368 1617 5410 et
1643 5350 1798 5423 ontologica
1821 5354 1860 5396 ete.

1083 5458 1203 5534 Styrae‚
1220 5457 1387 5515 llenhardt.
1409 5471 1465 5531 175
1469 5471 1499 5530 5.
1517 5464 1561 5530 40.
1579 5456 1597 5514 8
1614 5477 1645 5534 p.
