4034 6262
744 516 792 525 —
852 478 917 544 161
980 514 1028 524 --

124 694 220 747 sexta
236 680 422 763 matutina,
438 679 590 743 animam
603 680 683 742 Deo
697 677 849 741 creatori

124 803 244 887 vatori,
255 796 386 886 corpus
398 813 523 884 terrae,
533 801 733 865 mortalium
746 799 849 863 matri

124 926 179 992 dit.
204 925 373 1010 Scripsit:
748 893 754 907 ⁶

124 1114 126 1126 .
149 1069 519 1146 Religions·Geschichte
543 1068 597 1126 des
617 1069 698 1125 alten
718 1066 848 1124 Bundcs.

124 1174 290 1233 {ebrauche
307 1175 354 1233 tor
368 1174 416 1232 die
433 1173 750 1252 Gymnasial·Jugend.
775 1168 804 1250 (i.
822 1191 849 1229 e.

125 1282 153 1336 ia
168 1280 325 1356 religionis
340 1279 378 1337 ad
394 1298 479 1336 usum
497 1279 660 1336 iuventutis
673 1274 850 1354 studiosae.)

138 1382 229 1459 1850.
246 1386 299 1442 Bei
315 1386 365 1442 Fr.
382 1384 474 1441 Beck.
493 1382 536 1441 8⁰.

125 1508 147 1564 Ι.
175 1509 249 1563 211111
273 1506 437 1565 Vorabend
463 1506 517 1564 der
544 1503 771 1562 Secundizleier
797 1503 851 1560 des

124 1612 286 1687 'drdigsten
314 1613 413 1669 Herm
436 1611 578 1669 Wilhelm
602 1610 698 1677 Eder‚
726 1607 789 1666 Abt
815 1627 851 1664 zu

127 1712 155 1795 (i.
169 1735 196 1774 e.
213 1717 247 1773 ln
258 1717 362 1792 vigilia
378 1715 499 1774 iubilaei
515 1714 715 1773 sacerdotalis
731 1711 851 1771 abbatis

123 1821 170 1878 lmi
194 1818 299 1899 Eder.)
325 1822 383 1878 Ms.
411 1823 440 1876 in
464 1819 651 1878 Bibliotheca
674 1818 849 1875 Mellicensi.

133 1932 175 2000 4⁰·

124 2049 157 2106 lI.
169 2049 298 2108 Cantate
309 2067 363 2106 zur
375 2047 606 2124 priesterlichen
618 2045 782 2123 Jubelseier
799 2045 853 2101 des

124 2197 129 2212 .
151 2154 427 2229 Hochwrirdigsten
454 2154 553 2210 Herm
576 2153 677 2208 Herrn
699 2149 796 2208 Abtes
818 2167 854 2204 zu

124 2259 257 2317 Wilhelm
282 2277 329 2315 am
351 2274 380 2331 4.
398 2258 468 2315 Oct.
491 2256 581 2331 1854.
605 2254 635 2336 (i.
661 2275 687 2313 e.
713 2255 853 2312 Cantatio

124 2382 158 2421 tm
183 2362 344 2421 iubilaeum
371 2382 438 2419 cum
465 2364 545 2418 notis
569 2356 723 2439 musicae.)
753 2358 854 2416 Musik

124 2468 138 2525 l.
151 2469 248 2525 Franz
259 2469 372 2524 Krenn.
389 2466 489 2536 Wien,
507 2471 536 2524 in
552 2466 607 2523 der
622 2467 652 2524 k.
669 2467 699 2524 k.
718 2463 853 2522 landesb·

124 2587 186 2631 inst.
203 2593 232 2630 v.
250 2570 369 2646 Sieger.
387 2570 429 2630 8⁰.

124 2737 294 2813 [dabrich
326 2749 523 2813 Alexius
555 2749 853 2836 (Raigradien·

124 2866 244 2932 Natale
264 2870 378 2933 solum
391 2869 512 2933 Alexii
527 2869 596 2934 fuit
612 2870 853 2954 Buzovicium,

142 2993 435 3056 contemnendum
462 2992 691 3076 municipium
718 2995 753 3058 in
776 2994 854 3057 Mo·

124 3112 389 3180 ‚Olomucensis
411 3116 600 3199 dioecesis,
621 3117 683 3181 ubi
702 3119 795 3181 hanc
818 3118 853 3180 in

124 3237 333 3322 ringressus
354 3248 409 3302 est
431 3242 481 3301 26.
496 3239 561 3303 Iul.
583 3244 674 3319 1736.
698 3241 853 3303 Absolu-

124 3360 212 3424 srtim
228 3360 382 3443 Brunae,
399 3361 527 3443 partim
545 3360 718 3425 Olomucii
732 3363 854 3425 huma·

124 3483 179 3546 bus
191 3493 228 3546 et
237 3483 493 3567 philosophicis
506 3484 633 3547 studiis
641 3483 853 3567 vigesimum

124 3602 153 3668 is
172 3624 304 3669 annum
323 3625 446 3689 agens,
470 3606 506 3669 in
529 3606 745 3671 monasterio
765 3606 853 3670 Rai-

124 3725 211 3811 lensi,
228 3728 499 3811 praepositurae
512 3730 671 3815 habenas
687 3739 772 3793 tunc
787 3727 853 3791 ibi-

129 3852 330 3914 moderante
351 3851 547 3914 clarissimo
568 3850 643 3915 viro
663 3851 852 3915 Bonaven-

125 3969 216 4036 Piter
231 3972 460 4037 benedictina
477 3983 533 4037 est
549 3975 736 4057 amplexus
753 3975 851 4038 insti-

142 4094 226 4158 Post
247 4105 452 4177 nuncupata
472 4106 558 4159 vota
577 4095 650 4160 Cal.
672 4097 746 4160 Ian.
772 4102 852 4177 1758

124 4234 189 4297 eque
209 4217 397 4281 sanctioris
417 4217 514 4281 facta
533 4218 766 4282 fundamenta
786 4221 852 4282 sub

124 4336 239 4403 issimis
260 4340 346 4403 viris
367 4341 438 4403 ΡΡ.
460 4339 632 4404 Othmaro
653 4340 794 4405 Conrad
818 4351 854 4405 et

124 4458 249 4527 inando
273 4463 402 4526 Miiller
428 4463 691 4545 professoribus
718 4466 853 4528 theolo-

124 4629 131 4662 ,
154 4586 363 4649 scholastico
376 4622 389 4633 -
403 4586 607 4670 dogmatico
620 4623 633 4634 -
646 4587 853 4670 polemicae,

124 4721 137 4765 a
154 4707 302 4788 primum
322 4709 416 4771 omni
436 4728 530 4772 anno
546 4729 611 4792 per
626 4719 759 4793 partes,
780 4720 854 4774 tum

124 4842 223 4892 arsam
236 4829 381 4913 publice
393 4832 646 4915 propugnavit,
657 4833 780 4895 sedulo
793 4832 855 4895 im·

124 4946 311 5035 itoperam.
325 4952 385 5016 Ad
396 4952 696 5036 iurisprudentiae
709 4964 745 5018 et
757 4956 855 5018 theo·

124 5089 145 5134 e
161 5075 303 5139 moralis
323 5076 479 5139 studium
497 5077 625 5139 deinde
642 5077 854 5159 convolavit,

125 5198 333 5263 eudabiliter
345 5199 519 5281 absoluto,
527 5198 727 5261 sacerdotio
740 5198 855 5262 initia·

124 5330 159 5385 st
181 5329 259 5403 1763
290 5326 339 5387 16.
359 5321 434 5387 Ian.
459 5332 495 5384 et
523 5326 570 5385 16.
594 5321 699 5385 Febr.
723 5322 854 5404 primas

126 5460 162 5508 ae
187 5443 370 5510 maiestati
397 5443 532 5507 hostias
560 5443 765 5507 immolavit.
794 5444 854 5506 Ab

928 697 1022 741 anno
1043 682 1124 756 1764
1145 696 1210 759 per
1230 679 1300 739 duo
1320 677 1432 739 lustra
1452 695 1622 739 censuum
1642 694 1761 737 mona·

930 800 1028 864 sterii
1045 798 1277 881 perceptoris,
1299 798 1437 861 culinae
1452 797 1675 879 inspectoris,
1693 798 1762 861 cel-

929 922 1017 1004 larii,
1039 931 1075 985 et
1097 920 1291 1004 provisoris
1311 919 1438 984 officiis
1459 920 1662 983 successive
1682 940 1762 1002 per-

929 1044 1091 1129 fungitur
1106 1054 1142 1108 et
1157 1062 1250 1106 anno
1266 1043 1410 1106 tandem
1427 1046 1506 1120 1775
1521 1043 1566 1104 ad
1579 1042 1762 1124 praeclara

930 1166 1058 1250 prioris
1077 1165 1293 1245 monasterii,
1314 1164 1547 1227 cancellariae
1568 1175 1604 1227 et
1627 1164 1761 1228 archivi

931 1286 1106 1370 praefecti
1133 1285 1251 1349 munia
1279 1284 1419 1348 insimul
1442 1285 1613 1351 evehitur.
1645 1285 1763 1350 Subli·

932 1409 1102 1473 mioribus
1117 1409 1172 1471 his
1193 1406 1319 1472 officiis
1341 1408 1494 1471 donatus
1516 1406 1680 1490 curisque
1702 1408 1763 1471 do·

932 1531 1090 1595 mesticis
1111 1531 1251 1595 omnino
1272 1531 1419 1611 solutus,
1442 1529 1570 1593 litteris
1591 1550 1630 1593 se
1651 1530 1763 1593 invol-

932 1674 1027 1736 vere,
1049 1652 1219 1717 historiae
1248 1652 1387 1734 patriae
1411 1661 1524 1716 totum
1548 1672 1587 1716 se
1610 1654 1763 1735 tradere,

932 1776 1055 1857 reique
1080 1774 1332 1857 diplomaticae
1355 1794 1485 1837 vacare
1514 1775 1642 1856 coepit.
1674 1776 1764 1838 Bru-

932 1918 1014 1961 nam
1041 1898 1268 1961 Moravorum
1295 1897 1463 1970 mittitur;
1491 1898 1636 1961 archiva
1662 1900 1708 1961 ad
1736 1921 1763 1962 s.

932 2021 1078 2083 Petrum
1099 2031 1135 2082 et
1150 2020 1197 2082 ad
1213 2038 1240 2083 s.
1256 2018 1426 2082 Iacobum
1442 2020 1707 2102 pretiosissimis
1729 2032 1766 2084 et

934 2141 1188 2224 antiquissimis
1222 2139 1354 2204 referta
1390 2142 1624 2205 monumentis
1658 2143 1764 2205 avide

935 2266 1137 2347 perlustrat,
1161 2266 1285 2326 eadem
1306 2263 1400 2325 iusto
1420 2264 1544 2326 ordine
1565 2264 1688 2327 donari
1705 2285 1765 2328 cu-

934 2395 999 2468 rat,
1016 2385 1263 2468 thesaurisque
1279 2384 1349 2448 illic
1366 2384 1531 2467 inventis,
1553 2407 1595 2449 ac
1611 2354 1765 2451 fideliter

934 2530 955 2572 a
976 2528 1014 2571 se
1036 2509 1115 2591 ipso
1136 2506 1325 2589 descriptis
1345 2515 1504 2582 onustus,
1525 2506 1764 2590 Raigradium

934 2630 1132 2694 revertitur.
1161 2631 1221 2692 Ad
1245 2629 1462 2692 eruditorum
1487 2650 1602 2693 rerum
1625 2631 1764 2712 patriae

934 2751 1155 2834 scriptorum,
1167 2750 1366 2833 Raphaelis
1375 2751 1502 2834 Ungar
1515 2751 1692 2835 videlicet,
1709 2753 1766 2817 Io·

933 2875 1036 2958 sephi
1048 2873 1276 2956 Dobrovskv,
1290 2872 1425 2937 Gelasii
1437 2874 1594 2957 Dobner,
1607 2874 1764 2960 Cerroni,

933 2995 1078 3060 Martini
1090 2995 1236 3058 Pelzelii
1253 3006 1289 3058 et
1300 2996 1492 3079 praecipue
1504 2996 1649 3079 Iosephi
1660 2998 1767 3062 Wra-

934 3119 1028 3184 tislai
1048 3118 1178 3201 equitis
1203 3120 1247 3181 de
1267 3117 1408 3200 Monse,
1433 3137 1584 3200 quocum
1611 3121 1767 3184 arctissi-

934 3263 1029 3306 mum
1044 3242 1221 3305 amicitiae
1238 3241 1365 3305 foedus
1381 3240 1766 3306 inierat-litterarum

935 3365 1180 3429 commercium
1204 3384 1284 3427 cum
1304 3363 1406 3426 hisce
1432 3363 1582 3446 aliisque
1603 3365 1689 3428 viris
1710 3367 1766 3428 sui

934 3487 1013 3551 aevi
1027 3485 1241 3550 doctissimis
1253 3486 1288 3548 in
1297 3505 1425 3549 novem
1433 3485 1613 3550 fasciculis
1626 3487 1767 3569 magnis

934 3630 1013 3673 cum
1035 3610 1219 3692 signatura
1235 3608 1274 3671 E.
1296 3609 1328 3671 d.
1347 3613 1376 3690 8,
1395 3630 1413 3688 9
1436 3617 1502 3671 etc.
1526 3628 1640 3690 usque
1669 3614 1705 3671 16
1729 3609 1766 3672 in

933 3733 1077 3796 archivo
1093 3742 1215 3795 nostro
1228 3733 1492 3794 adservatur-
1504 3730 1540 3793 in
1557 3729 1766 3794 societatem

933 3864 1061 3937 postea
1073 3853 1241 3936 adscitus,
1255 3854 1458 3917 eorumdem
1477 3854 1660 3916 doctorum
1673 3852 1765 3916 viro-

933 3998 1009 4041 rum
1029 3977 1208 4040 irremisso
1228 3978 1382 4058 hortatu,
1403 3976 1553 4057 ipsoque
1574 3975 1602 4038 F
1604 3975 1765 4039 rancisco

933 4100 1062 4163 comite
1068 4099 1268 4181 Chorinsky
1278 4098 1460 4180 exigente:
1473 4097 1573 4181 ,Iura
1583 4097 1766 4179 primaeva

933 4222 1137 4285 Moraviae“
1161 4240 1207 4283 ex
1227 4220 1460 4303 autographis
1481 4219 1765 4300 authenticisque

934 4344 1183 4426 manuscriptis
1207 4342 1343 4425 colligit
1366 4351 1402 4405 et
1426 4342 1551 4404 eadem
1572 4342 1665 4405 notis
1687 4361 1766 4404 eru-

934 4466 1117 4530 ditissimis
1134 4467 1310 4528 illustrata
1326 4464 1423 4548 typis
1436 4465 1581 4527 tandem
1594 4464 1766 4528 committi

935 4598 1036 4652 curat
1049 4588 1142 4671 (vide
1153 4587 1266 4666 infra).
1280 4586 1340 4649 Ad
1349 4586 1570 4648 monasticon
1582 4584 1766 4648 historico·

935 4710 1200 4794 diplomaticum
1231 4709 1385 4771 omnium
1420 4708 1714 4772 monasteriorum
1745 4728 1766 4770 a

936 4838 973 4897 D.
983 4833 1082 4895 Piter
1095 4832 1297 4912 incoeptum
1310 4850 1452 4893 manum
1466 4830 1642 4911 admovet,
1652 4838 1766 4894 totum

934 4958 1002 5019 hoc
1024 4955 1231 5016 immensum
1252 4972 1343 5034 opus
1365 4953 1409 5014 de
1434 4971 1525 5014 novo
1550 4951 1765 5034 transcribit,

935 5076 1098 5157 absolvit,
1112 5075 1283 5157 preloque
1297 5083 1499 5156 praeparat.
1515 5071 1766 5155 Necrologium

935 5200 1081 5280 insuper
1107 5196 1396 5281 congregationis
1420 5195 1679 5259 Benedictinae
1701 5215 1767 5277 per

935 5321 1152 5403 Bohemiam,
1168 5319 1366 5384 Moraviam
1383 5328 1418 5383 et
1434 5316 1598 5382 Silesiam
1614 5314 1765 5399 conficit,

935 5445 1115 5525 multaque
1140 5442 1210 5505 alia
1231 5460 1340 5523 opera
1361 5441 1532 5505 immensa
1554 5457 1766 5520 semperque

1504 5556 1533 5594 21
