4034 6262
648 509 932 581 „115-

135 716 283 760 munere
302 695 453 775 functus,
475 714 540 776 per
561 696 749 758 triennium

124 840 131 880 1
157 819 349 901 magisterii
372 818 407 880 in
428 818 522 882 univ.
538 818 692 882 Vindob.
715 820 749 881 in

145 941 265 1003 studia
290 940 463 1021 incubuit,
490 941 618 1021 quibus
646 943 749 1002 abso-

130 1067 212 1142 1872
229 1062 479 1144 professorium
500 1062 641 1143 linguas
661 1064 749 1124 clas-

124 1185 177 1247 1di
189 1204 313 1247 munus
325 1184 467 1266 repetiit
479 1184 644 1264 idemque
656 1203 749 1246 anno

124 1307 199 1369 ctui
214 1307 416 1369 monasterii
435 1305 749 1369 Seitenstadiensis

124 1437 204 1492 :tus.
229 1427 394 1511 Scripsit:

124 1572 379 1630 redictinerorden
392 1572 451 1629 und
460 1572 508 1628 die
517 1571 749 1629 Wissenschast.

124 1678 200 1734 alten
212 1676 262 1734 bei
272 1677 473 1752 Gelegenheit
486 1677 540 1733 der
551 1677 749 1733 eilfhundert·

124 1782 244 1839 >elfeier
275 1782 329 1839 des
359 1781 466 1838 Stiftes
495 1784 748 1838 Kremsmiinster.

126 1886 361 1943 enedietinorum
376 1900 406 1941 et
419 1885 546 1942 litterae.
564 1885 679 1942 Concio
696 1885 748 1940 ha·

124 1993 158 2057 ni,
170 2011 236 2048 cum
250 1990 407 2047 sollemnia
415 1991 582 2046 saecularia
591 1990 749 2045 undecima

124 2097 196 2152 iterii
213 2092 397 2174 agerentur.)
416 2097 500 2162 Lina,
517 2095 634 2164 Quirin.
656 2094 746 2166 1878.

124 2284 181 2349 ert
218 2276 270 2348 ab
307 2277 483 2349 Homau
519 2287 747 2350 Martinus

124 2406 290 2466 sabbas
307 2403 665 2487 San-Blasianus),
687 2426 748 2468 na-

124 2528 197 2589 *bae
210 2527 256 2588 ad
269 2527 435 2590 Nicarum
452 2528 596 2590 civitate
611 2565 649 2574 -—
663 2538 748 2591 tunc

124 2649 747 2732 lustriae-nuncWiirtembergiae

124 2791 175 2853 ag.
206 2791 301 2849 1720;
329 2772 438 2833 Pater
465 2772 643 2833 Antonius
672 2782 747 2835 erat

124 2893 241 2956 vitatis
255 2894 473 2975 capitaneus,
483 2896 643 2975 patrinus
653 2896 747 2976 prin-

124 3036 136 3077 s
159 3016 337 3078 Murensis
354 3017 522 3079 Placidus
539 3017 746 3081 Zurlauben.

138 3158 310 3201 annorum
326 3139 484 3221 graviter
499 3147 679 3220 aegrotuS,
696 3140 746 3202 in-

124 3259 152 3321 is
168 3261 306 3342 patriae
329 3270 483 3342 ereptuS,
506 3271 633 3342 postea
653 3261 746 3324 rudi-

124 3401 187 3444 uae
200 3382 349 3444 Latinae
362 3382 523 3464 Ehingae
540 3383 746 3464 auspicatus

124 3523 137 3565 a
157 3505 351 3566 translatus
371 3504 584 3586 Friburgum
600 3505 745 3588 Brisgo-

124 3627 276 3689 maticae
304 3627 449 3688 navavit
476 3647 621 3708 operam
649 3628 745 3709 apud

124 3749 214 3811 etatis
235 3750 332 3829 Iesu,
359 3749 487 3829 quibus
511 3750 746 3812 renitentibus

124 3890 247 3933 rmano
259 3871 451 3933 Francisco
468 3872 605 3934 occulte
623 3882 659 3934 et
674 3872 746 3934 fur·

143 3995 189 4055 ad
218 4012 244 4055 s.
273 3994 430 4056 Blasium
463 3996 638 4057 deductus
667 3994 744 4058 fuit.

154 4115 280 4177 habuit
307 4117 347 4179 P.
376 4115 587 4197 Gregorium
614 4117 744 4198 Reble,

134 4236 263 4299 litteris
280 4237 346 4299 rite
361 4238 543 4318 imbutum,
566 4239 621 4301 cui
637 4239 745 4300 libros

124 4359 251 4420 assicos
263 4361 473 4441 praesertim
486 4363 624 4424 occulte
641 4361 745 4424 surri-

145 4483 335 4563 campanili
357 4484 586 4546 absconditos
609 4504 745 4546 recrea·

124 4604 157 4667 is
179 4605 323 4685 evolvit,
343 4607 437 4667 haud
458 4608 642 4688 vulgarem
663 4606 745 4668 inde

124 4746 223 4810 guae
239 4747 341 4789 usum
355 4729 422 4789 iam
436 4729 470 4790 in
484 4729 613 4790 scholis
625 4730 745 4790 huma-

124 4859 239 4931 actus,
273 4870 377 4931 quem
410 4851 444 4912 in
475 4851 643 4933 operibus
671 4850 745 4912 eius

124 4972 242 5034 missis
279 4973 467 5034 laudarunt
503 4973 607 5036 docti.
647 4972 745 5035 Duo-

125 5114 168 5156 ur
181 5113 272 5176 puer
288 5103 456 5176 suscepto
473 5096 595 5157 habitu
612 5096 745 5177 togatis

124 5218 303 5280 holaribus
319 5216 386 5279 fuit
402 5218 616 5300 adsociatus,
638 5228 674 5281 et
690 5238 744 5280 se-

124 5360 213 5402 >rum
235 5339 372 5401 iuvenis
397 5360 490 5403 anno
515 5345 595 5419 1736
619 5341 676 5402 die
694 5345 743 5403 28.

124 5482 248 5525 novem
273 5462 378 5524 sociis
404 5462 572 5524 studiosis
596 5463 745 5526 novitia·
784 5486 788 5534 l

829 703 904 756 tum
917 691 1111 775 ingressus.
1127 693 1283 775 Expleto
1295 714 1388 757 anno
1401 693 1565 776 sequenti
1579 701 1661 776 1737

829 814 1004 896 tyrocinio
1033 815 1159 877 eodem
1185 820 1235 879 28.
1260 814 1339 880 Oct.
1367 826 1452 879 vota
1477 817 1662 880 sollemnia

829 937 955 1017 emisit,
968 956 1079 998 annos
1092 937 1221 999 aetatis
1232 938 1369 1001 habens
1386 958 1420 1018 17
1432 960 1511 1002 cum
1520 940 1661 1002 duobus

829 1059 1020 1122 mensibus.
1033 1058 1190 1122 Musices
1203 1070 1341 1123 amator
1354 1071 1390 1124 et
1403 1062 1538 1143 peritus
1550 1061 1663 1126 frater

830 1180 978 1243 clericus
1005 1182 1121 1244 adhuc
1148 1182 1274 1245 missas
1301 1183 1436 1264 aliquot
1462 1184 1662 1266 composuit

830 1311 938 1384 atque
956 1301 1135 1365 offertoria
1155 1323 1221 1385 pro
1242 1304 1344 1368 festis
1359 1304 1501 1368 Domini
1524 1315 1560 1370 et
1581 1326 1662 1369 san·

830 1434 976 1507 ctorum,
993 1445 1085 1507 quae
1102 1446 1254 1489 unacum
1270 1428 1312 1490 iis
1324 1428 1364 1491 P.
1378 1429 1536 1513 Remigii
1550 1430 1661 1492 Klee-

830 1548 938 1609 sattel
950 1547 1046 1629 typis
1055 1548 1244 1631 Augustae
1253 1550 1518 1614 Vindelicorum
1528 1552 1662 1633 publici

829 1666 915 1729 iuris
930 1667 1049 1730 factae
1064 1669 1175 1734 fuere.
1198 1671 1299 1734 Haec
1319 1672 1576 1736 offertoriorum
1597 1694 1661 1755 pu·

828 1789 973 1852 blicatio
1000 1791 1148 1854 multum
1172 1802 1299 1874 postea
1325 1795 1480 1858 animum
1503 1798 1659 1860 auctoris

828 1910 972 1993 afflixit,
999 1913 1242 1979 fastidientem
1269 1917 1374 1981 immo
1399 1920 1661 1983 abominantem

829 2033 1001 2097 eiusmodi
1018 2037 1187 2099 musicam
1207 2039 1522 2106 instrumentalem.
1546 2043 1660 2106 Theo-

827 2155 945 2237 logiae
959 2159 1170 2222 candidatus
1183 2162 1472 2226 scholasticarum
1481 2165 1660 2245 quaestio-

827 2296 910 2338 num
933 2286 969 2340 et
989 2279 1261 2361 sophisticarum
1277 2283 1443 2347 tricarum
1465 2305 1546 2348 osor
1561 2307 1659 2349 acer-

827 2399 946 2482 rimus,
968 2411 1083 2465 toturn
1102 2405 1304 2489 theologiae
1321 2409 1556 2491 dogmaticae,
1578 2428 1659 2471 san·
1736 2442 1738 2447 v

828 2531 965 2586 ctorum
977 2535 1118 2605 patrum
1129 2537 1165 2590 et
1177 2528 1404 2592 conciliorum
1417 2530 1535 2593 studio
1548 2549 1587 2592 se
1598 2533 1659 2593 de-

828 2645 889 2724 dit,
907 2666 1055 2727 quorum
1072 2650 1214 2730 quidem
1227 2653 1413 2714 sententiis
1429 2653 1561 2716 referta
1577 2665 1659 2718 sunt

830 2769 947 2831 omnia
968 2769 1043 2832 eius
1064 2791 1174 2852 opera
1190 2773 1401 2856 theologica.
1425 2775 1603 2840 Absoluto
1623 2777 1659 2839 in

828 2891 957 2953 scholis
978 2912 1082 2955 cursu
1102 2896 1315 2977 theologic0,
1339 2897 1481 2977 plenam
1502 2906 1658 2961 aetatem

828 3013 873 3073 ad
894 3015 1132 3077 sacerdotium
1149 3035 1227 3078 cum
1243 3036 1314 3079 non
1329 3018 1488 3100 haberet,
1511 3020 1659 3083 ductore

826 3133 866 3196 P.
883 3133 1074 3199 Laurentio
1088 3135 1216 3221 Gump,
1233 3141 1491 3204 mathematicis
1504 3142 1659 3226 discipli-

826 3255 881 3317 nis
896 3256 963 3319 rite
979 3257 1179 3340 informat0,
1196 3280 1341 3342 operam
1354 3264 1452 3326 dedit
1464 3264 1660 3328 arithmeti-

826 3397 890 3439 cae
912 3388 948 3441 et
968 3381 1148 3462 algebrae.
1180 3384 1287 3446 Anno
1312 3405 1392 3464 1744
1418 3387 1475 3449 die
1498 3393 1550 3451 30.
1571 3388 1658 3451 Maii

826 3502 1016 3583 presbyter
1037 3503 1230 3585 ordinatus,
1252 3506 1394 3569 biennio
1416 3518 1500 3590 post
1523 3509 1659 3572 theolo-

826 3622 921 3704 giam
943 3626 1183 3706 dogmaticam
1203 3627 1398 3691 iunioribus
1420 3629 1659 3693 confratribus

825 3746 966 3808 tradere
983 3748 1112 3829 coepit,
1133 3759 1170 3811 et
1190 3751 1354 3814 absoluto
1375 3770 1479 3813 cursu
1499 3751 1574 3813 fere
1596 3753 1657 3813 de-

826 3886 902 3929 cem
918 3888 1099 3951 annorum,
1120 3871 1377 3935 bibliothecarii
1394 3892 1519 3936 munus
1541 3892 1583 3936 eo
1605 3875 1658 3936 lu-

825 3990 968 4053 bentius
988 4011 1067 4054 cum
1083 3994 1296 4074 exceptione
1317 4015 1338 4056 a
1358 3995 1465 4056 choro
1486 3995 1655 4078 suscepit,

825 4132 895 4193 quo
915 4112 964 4174 nil
982 4113 1032 4176 illi
1050 4115 1166 4177 carius
1185 4116 1439 4197 acceptiusque
1454 4115 1531 4197 fuit,
1549 4136 1656 4197 quam

825 4235 952 4297 studiis
974 4257 1118 4307 vacare:
1143 4248 1250 4319 atque
1276 4239 1404 4301 abhinc
1427 4239 1536 4302 totius
1559 4239 1656 4302 vitae

824 4368 976 4440 tempus,
1000 4360 1161 4440 exceptis
1181 4359 1376 4423 officiorum
1397 4360 1561 4442 negotiiS,
1586 4362 1657 4424 lec·

825 4480 912 4543 tioni
925 4491 960 4542 et
973 4480 1157 4561 scriptioni
1169 4482 1380 4562 optimorum
1392 4482 1560 4545 librorum
1573 4502 1656 4546 con-

824 4602 988 4664 secravit.
1020 4601 1163 4664 Initium
1186 4603 1363 4666 scribendi
1391 4603 1477 4667 iecit
1503 4624 1525 4665 a
1551 4607 1657 4688 praxi

824 4726 985 4807 regulae,
1011 4745 1057 4786 ex
1084 4723 1222 4808 Gallica
1249 4725 1283 4787 in
1307 4725 1470 4788 Latinam
1496 4727 1654 4809 linguam

824 4849 1007 4912 translata.
1030 4847 1255 4929 Adparatum
1271 4847 1400 4911 deinde
1421 4859 1458 4912 et
1478 4849 1653 4932 principia

825 4971 1037 5053 theologiae,
1050 4970 1190 5050 aliaque
1204 4972 1386 5052 complura
1399 4991 1507 5053 opera
1520 4972 1654 5034 theolo-

825 5093 907 5176 gica
923 5102 959 5155 et
973 5091 1141 5155 historica
1158 5092 1378 5173 conscripsit,
1396 5112 1542 5174 quorum
1560 5094 1655 5156 elen-

826 5219 912 5279 chus
939 5215 1035 5297 typis
1058 5214 1252 5295 impressus
1275 5198 1424 5296 prostat.
1454 5214 1656 5297 Insigniora

824 5359 921 5419 vero,
939 5355 1030 5419 quae
1045 5345 1120 5398 turn
1137 5336 1345 5398 elucubrare
1367 5345 1404 5398 et
1423 5337 1529 5399 edere
1551 5354 1655 5417 para-

825 5464 897 5542 bat,
915 5479 1024 5540 opera
1039 5457 1153 5520 fuere:
1177 5460 1233 5521 De
1257 5457 1391 5520 musica
1411 5469 1447 5520 et
1469 5466 1576 5519 cantu
1597 5477 1655 5520 ec-

1396 5563 1446 5625 15*
