4088 6270
902 522 948 530 --
1009 437 1080 570 1„
1135 523 1181 533 ..

168 685 213 747 ad
230 685 405 747 edendam
419 681 646 747 Germaniam
661 702 800 746 sacram
816 684 933 746 omnia
950 685 1001 747 di·
1038 698 1041 763 1
1079 685 1235 768 pupillis,
1253 708 1401 768 quorum
1418 687 1500 751 dein
1516 709 1638 752 curam
1654 689 1690 752 in
1702 709 1741 752 se
1752 696 1870 774 suscepit

167 809 325 891 plomata
341 807 593 888 manuscripta,
606 826 698 888 quae
710 826 842 889 magno
854 826 1000 869 numero
1079 808 1259 891 piissimus
1287 813 1410 874 abbas.
1441 811 1643 874 Memoratu
1672 810 1805 894 dignum
1825 825 1870 895 est,

168 932 374 1014 collegerat,
390 929 587 992 liberaliter
601 928 772 1011 permisit.
796 928 913 992 Etiam
930 928 1000 991 Bo·
1037 1010 1040 1035 ,
1079 933 1175 1012 quod
1187 931 1222 994 in
1232 933 1299 995 hoc
1307 953 1432 995 recens
1441 942 1662 996 exstructum
1671 935 1870 998 nosocomium

167 1054 302 1117 russiae
318 1052 415 1135 regis
432 1051 654 1114 consiliarius
674 1051 818 1114 intimus
835 1051 873 1113 L.
890 1050 931 1114 B.
954 1052 998 1113 de
1037 1054 1040 1171 J
1078 1053 1246 1136 mendici,
1273 1056 1453 1138 peregrini
1481 1065 1517 1118 et
1542 1056 1749 1139 vagabundi
1772 1055 1871 1119 inducti

166 1177 294 1238 Domm
314 1175 350 1236 in
371 1173 497 1236 itinere
521 1193 585 1236 suo
609 1193 680 1236 non
703 1173 822 1236 omisit
844 1173 998 1236 invisere
1077 1172 1210 1238 fuerint
1230 1177 1355 1240 eodem
1377 1177 1434 1240 die
1460 1198 1506 1240 11.
1523 1177 1614 1241 Nov.
1636 1182 1727 1259 1781,
1751 1198 1810 1260 quo
1827 1199 1871 1258 pu·

167 1301 335 1361 abbatem
355 1297 557 1360 Martinum.
582 1295 819 1378 Quamplures
840 1295 997 1376 comites
1077 1294 1171 1358 blica
1192 1317 1271 1360 cum
1295 1298 1491 1381 gratiarum
1514 1299 1656 1362 actione
1680 1302 1726 1362 ob
1748 1301 1835 1362 aedes
1851 1319 1871 1362 s.

166 1424 330 1503 barones,
348 1421 487 1501 equites
504 1419 637 1482 ordinis
650 1418 835 1482 Teutonici
849 1429 885 1481 et
896 1418 998 1481 Meli·
1036 1442 1038 1491 u
1055 1474 1058 1482 .
1077 1418 1190 1481 Blasii
1202 1420 1374 1503 singulari
1382 1421 1452 1484 Dei
1465 1422 1597 1485 auxilio
1609 1421 1761 1485 feliciter
1771 1433 1871 1484 restau-

166 1543 293 1624 tensis,
318 1542 547 1605 ecclesiarum
572 1540 826 1604 cathedralium
847 1559 998 1622 praepo·
1036 1516 1038 1609 ἶ
1077 1553 1174 1604 ratas
1189 1543 1303 1624 prima
1318 1542 1397 1606 vice
1417 1544 1454 1606 in
1475 1544 1629 1608 ecclesia
1650 1545 1796 1608 nondum
1813 1563 1870 1606 con-

166 1665 264 1746 sitos,
282 1665 437 1726 decanos
454 1673 490 1725 et
503 1663 704 1744 canonicoS,
722 1661 881 1725 caesarei
897 1681 997 1724 exer·
1035 1622 1038 1751 J
1077 1673 1218 1726 secrata
1234 1665 1405 1728 sollemne
1422 1663 1577 1728 officium
1590 1668 1807 1730 decantatum
1817 1665 1870 1728 lue·

167 1788 257 1850 citus
287 1787 488 1869 generales,
520 1785 681 1847 tribunos
710 1794 746 1847 et
772 1783 997 1849 centuriones
1035 1772 1038 1865 l
1077 1794 1142 1866 rat,
1158 1795 1197 1848 ut
1214 1786 1321 1848 etiam
1337 1786 1372 1849 in
1388 1787 1481 1850 vivis
1492 1787 1562 1851 Dei
1577 1787 1730 1871 templis,
1743 1787 1870 1870 pauperi·

165 1909 347 1972 nominare
368 1908 470 1989 velle,
493 1906 597 1970 nimis
616 1909 763 1989 longum
782 1906 885 1969 foret.
910 1905 997 1968 Uni·
1035 1888 1038 1987 J
1075 1907 1143 1968 bus
1160 1906 1304 1989 quippe,
1328 1907 1387 1969 ille
1408 1910 1651 1992 honoraretur,
1676 1909 1772 1972 cuius
1791 1908 1869 1970 solius

166 2051 244 2094 cum
261 2030 461 2093 nominasse
477 2030 575 2111 libet,
593 2029 631 2093 L.
645 2028 686 2091 B.
701 2030 746 2090 de
758 2029 887 2108 Bosch,
904 2027 997 2110 regi·
1035 1996 1037 2127 J
1076 2028 1198 2090 honori
1213 2038 1248 2091 et
1261 2029 1397 2111 gloriae
1406 2049 1433 2092 s.
1442 2028 1554 2093 Blasii
1566 2032 1737 2112 templum
1750 2042 1868 2093 erectum

164 2153 267 2217 minis
292 2153 478 2215 anterioris
502 2152 672 2214 Austriae
695 2151 910 2233 praesidem,
937 2150 997 2231 qui
1034 2134 1038 2259 J
1077 2159 1163 2212 erat.
1194 2150 1359 2214 Ceterum
1385 2170 1472 2234 erga
1496 2172 1631 2235 egenos
1655 2170 1868 2233 quoscumque,

163 2273 272 2336 filium
289 2275 428 2337 unicum
441 2274 571 2336 scholis
584 2273 761 2335 Blasianis
777 2272 996 2347 committere
1034 2266 1038 2351 l
1077 2292 1139 2334 eos
1155 2271 1272 2354 etiam,
1289 2273 1349 2353 qui
1365 2293 1430 2354 pro
1446 2273 1575 2336 misera
1591 2273 1688 2337 vitae
1704 2272 1867 2337 conditione

163 2398 287 2460 maluit
318 2417 423 2478 quam
454 2397 641 2478 gymnasio
676 2395 820 2477 publico
852 2394 996 2457 Fribur·
1034 2356 1038 2472 J
1075 2393 1198 2457 fodere
1220 2414 1289 2457 non
1306 2396 1436 2477 valent,
1458 2394 1661 2460 mendicare
1682 2398 1866 2469 erubescunt

162 2520 275 2603 gensi.
311 2519 465 2582 Liberali
497 2528 533 2581 et
562 2517 730 2599 hospitali
761 2517 911 2580 antistiti
938 2517 995 2579 vel
1034 2480 1037 2583 i
1076 2536 1217 2599 semper
1236 2517 1402 2598 liberalis,
1429 2518 1620 2600 postremis
1640 2518 1810 2602 regiminis
1826 2535 1866 2578 an·

163 2641 316 2703 maxime
344 2642 467 2703 honori
494 2651 531 2704 et
557 2641 676 2704 decori
706 2650 775 2720 est,
803 2642 898 2721 quod
924 2657 995 2700 non
1033 2592 1037 2755 J
1076 2638 1139 2720 nis,
1157 2658 1238 2701 aere
1256 2638 1372 2701 alieno
1383 2639 1509 2721 soluto,
1524 2640 1674 2703 aedibus
1686 2636 1864 2713 restauratis,

163 2766 267 2827 modo
283 2764 439 2826 illustres
460 2764 631 2846 hospites,
652 2773 714 2826 aut
733 2763 834 2825 iuxta
854 2770 994 2824 senten·
1033 2758 1036 2915 J
1076 2761 1282 2842 cunctisque
1309 2760 1462 2823 incendii
1490 2762 1628 2824 damnis
1655 2758 1864 2845 compensatis,

163 2885 249 2947 tiam
270 2886 415 2968 regulae
436 2905 463 2946 s.
480 2885 667 2948 Benedicti
685 2884 824 2964 diviteS,
847 2902 995 2964 quorum
1033 2918 1035 2961 Ι
1074 2881 1253 2944 liberalior
1269 2883 1385 2946 adhuc
1408 2894 1445 2946 et
1464 2883 1655 2967 benignior
1668 2884 1744 2966 fuit,
1763 2884 1810 2946 vel
1826 2899 1863 2942 oc·

162 3016 276 3070 terror
305 3008 383 3088 ipse
415 3008 483 3069 sibi
514 3007 628 3089 exigit
653 3008 836 3087 honorem,
868 3006 931 3067 sed
959 3014 995 3067 et
1075 3004 1168 3066 culte
1196 3007 1253 3067 vel
1279 3024 1344 3086 per
1371 3004 1544 3068 officiales
1568 3005 1712 3087 publice
1739 3020 1863 3088 magnam

163 3149 340 3210 pauperes
353 3129 524 3210 plebeios,
542 3128 757 3192 confratrum
773 3147 916 3190 suorum
931 3147 994 3209 pa·
1073 3128 1302 3208 pecuniarum
1312 3147 1483 3191 summam
1493 3128 1721 3210 distribuens,
1730 3129 1813 3192 itaut
1820 3127 1863 3187 lar-

161 3261 282 3314 rentes
307 3262 343 3313 et
367 3262 519 3334 agnatos
539 3252 733 3333 praecipue
758 3252 804 3313 ad
828 3270 866 3313 se
889 3249 993 3312 facile
1072 3248 1230 3332 gissimis
1248 3250 1323 3312 eius
1340 3250 1576 3333 eleemosynis
1600 3254 1646 3314 ob
1663 3270 1807 3314 amorem
1818 3241 1862 3308 Dei

161 3375 345 3456 admissos
367 3376 455 3437 mira
476 3396 541 3438 sua
561 3396 607 3437 ex
628 3375 749 3454 oculiS,
770 3393 932 3437 sermone
957 3382 994 3436 et
1073 3372 1166 3436 datis
1179 3373 1305 3435 merito
1317 3373 1541 3436 adscribatur
1553 3375 1803 3456 prosperrimus
1812 3385 1863 3430 suc·

160 3506 236 3560 toto
252 3499 376 3560 habitu
393 3498 555 3560 elucente
571 3498 769 3561 humilitate
791 3508 827 3560 et
842 3496 992 3559 affabili·
1030 3448 1033 3601 J
1073 3514 1206 3575 cessus,
1223 3515 1329 3577 quem
1345 3494 1413 3578 ipsi
1426 3506 1462 3558 et
1475 3496 1662 3559 diuturnae
1675 3497 1725 3560 rei
1738 3487 1862 3559 domesti-

160 3629 250 3700 tate,
274 3622 407 3683 mulsos
432 3621 674 3684 consolatione
700 3621 884 3701 laetosque
908 3640 929 3681 a
952 3639 991 3681 se
1029 3604 1033 3695 l
1073 3637 1136 3680 cae
1169 3617 1466 3680 administrationi
1498 3617 1649 3701 largitus
1680 3629 1747 3699 est,
1776 3610 1861 3698 quiin

160 3742 341 3805 dimiserit.
358 3743 456 3805 Idem
471 3742 715 3805 sanctissimus
726 3743 911 3824 legislator
923 3742 992 3803 Be·
1071 3739 1290 3821 pauperibus
1314 3739 1515 3821 suscipitur,
1540 3739 1701 3803 Christus
1720 3738 1861 3803 Dominus·

160 3864 323 3927 nedictus
340 3884 409 3926 non
427 3866 539 3926 solum
557 3864 805 3927 liberalitatem
821 3864 856 3926 in
873 3862 992 3943 hospi·
1157 3863 1318 3924 Durante
1348 3862 1535 3945 regimineu
1552 3863 1698 3926 Martini
1725 3863 1766 3925 II.
1793 3860 1861 3943 plura

159 3995 224 4068 teS,
241 3988 305 4049 sed
323 4007 401 4049 cum
417 3987 608 4049 maximam
625 4006 821 4067 pauperum
838 3996 874 4048 et
889 4002 991 4066 pere·
1029 3966 1032 4015 ¹
1072 3984 1179 4046 etiam
1192 3984 1335 4046 sinistra
1348 3984 1564 4048 acciderunt.
1580 3985 1756 4048 Horribile
1767 3983 1862 4046 fulmen

158 4109 339 4191 grinorum
349 4082 654 4190 suscipiendorum
664 4128 783 4170 curam
796 4106 990 4189 praecepit,
1072 4107 1129 4168 die
1155 4110 1205 4170 25.
1226 4106 1313 4169 Maii
1338 4111 1418 4185 1768
1444 4106 1540 4169 circa
1567 4107 1749 4170 meridiem
1770 4112 1862 4183 maguv

160 4230 242 4311 quia
269 4231 304 4292 in
334 4231 422 4312 ipsis
450 4229 611 4293 Christus
642 4230 757 4311 magis
789 4229 990 4310 suscipitur.
1071 4227 1214 4310 fragore
1227 4228 1262 4290 in
1275 4229 1384 4291 aedes
1397 4228 1539 4291 abbatis
1556 4248 1576 4291 e
1592 4231 1693 4292 caelo
1705 4229 1861 4308 adlapsura,

160 4351 275 4432 Quam
306 4361 449 4415 strenue
480 4351 561 4414 huic
590 4372 617 4415 s.
645 4353 791 4434 regulae
823 4353 991 4414 mandato
1072 4351 1295 4432 sequentium
1327 4352 1499 4414 malorum
1531 4351 1634 4433 quasi
1666 4347 1861 4433 praesagium>

158 4597 265 4658 mium
281 4597 511 4678 demonstrat,
534 4605 637 4659 extra
652 4597 857 4659 monasterii
873 4616 991 4660 muros
1072 4595 1181 4658 vitam
1198 4595 1342 4676 ademit,
1365 4605 1401 4657 et
1424 4595 1562 4677 aliquos
1578 4605 1702 4677 patres
1717 4591 1861 4657 Erasinos

159 4494 291 4537 morem
318 4475 474 4557 gesserit
497 4477 611 4536 abbas
634 4475 819 4555 Martinus
844 4493 991 4538 nosoco-
1029 4512 1032 4633 J
1072 4475 1212 4554 puellae
1238 4474 1356 4536 subito
1379 4473 1556 4535 fenestras
1581 4474 1746 4538 claudere
1767 4457 1861 4534 volenti

159 4720 205 4780 ad
225 4718 339 4798 ripam
356 4718 474 4780 Albae
497 4719 543 4779 ab
567 4718 646 4799 ipso
672 4719 862 4799 conditum,
885 4720 990 4800 quod,
1071 4728 1298 4780 transeuntes
1322 4718 1357 4780 in
1381 4729 1513 4780 terram
1533 4719 1738 4800 prostravit,
1760 4717 1860 4778 illaesos

159 4840 226 4902 etsi
247 4839 334 4902 satis
352 4840 518 4920 amplum,
535 4840 762 4921 recipiendae
774 4840 991 4903 multitudini
1071 4852 1200 4904 tamen.
1224 4841 1375 4903 Praeter
1395 4850 1552 4923 stragem
1577 4841 1635 4903 die
1662 4846 1713 4905 23.
1732 4840 1788 4903 Iul.
1808 4825 1858 4908 17⁶⁸

159 4960 409 5024 confluentium
433 4962 701 5044 peregrinorum
726 4963 786 5025 vix
808 4962 948 5046 sufficit,
971 4985 990 5025 e
1029 4924 1032 4980 J
1071 4965 1235 5027 incendio
1252 4965 1402 5028 aedibus
1423 4985 1449 5026 s
1468 4964 1579 5027 Blasii
1605 4974 1641 5027 et
1666 4964 1716 5027 rei
1738 4946 1858 5026 donesti·

159 5083 287 5164 quibus
311 5084 411 5146 multi
435 5085 504 5146 iam
528 5085 637 5167 longa
660 5086 884 5167 aegritudine
908 5106 990 5148 con·
1072 5107 1135 5150 cae
1153 5087 1247 5149 illam
1264 5087 1475 5168 disciplinae
1489 5087 1647 5170 regulari
1663 5074 1858 5150 inflictandr

158 5204 300 5287 sumpti,
317 5206 363 5267 ad
380 5215 527 5269 mortem
545 5227 656 5288 usque
674 5208 930 5288 temporalibus
955 5218 990 5270 et
1070 5211 1169 5272 lebat
1184 5210 1416 5292 potissimum,
1428 5210 1463 5272 in
1476 5210 1631 5291 epistula
1649 5208 1812 5292 encyclica
1822 5190 1858 5256 dil

158 5326 403 5406 spiritualibus
429 5328 598 5390 subsidiis
626 5330 769 5391 abunde
796 5329 931 5410 provisi
955 5330 990 5392 in
1071 5339 1100 5396 3.
1118 5332 1218 5414 Sept.
1236 5333 1393 5395 eiusdem
1412 5333 1493 5395 anni
1510 5333 1558 5394 ad
1574 5333 1703 5395 Patres
1719 5319 1857 5411 exposil0⁵
1894 5410 1897 5415 Ι

157 5447 310 5511 Domino
334 5449 466 5512 ibidem
491 5452 663 5531 obierunt,
687 5460 771 5533 post
794 5470 833 5513 se
857 5452 989 5515 relictis
1027 5464 1030 5536 l
1071 5457 1165 5535 data,
1183 5456 1374 5536 deplorans
1390 5454 1625 5536 interruptum
1639 5454 1735 5518 chori
1747 5442 1856 5514 officium
