4034 6262
228 104 317 167 mari
343 102 606 184 susceptionem
631 100 668 164 in
693 101 947 166 monasterium
970 102 1057 167 Rai-

230 226 419 310 gradiense
440 222 583 305 accepit
602 233 639 288 et
658 226 735 287 1801
760 229 808 289 13.
823 223 914 288 Nov.
936 245 1057 292 mona·

229 349 332 412 chum
359 347 455 430 apud
477 365 542 410 nos
564 345 695 431 induit,
722 346 890 411 dimissus
912 348 1012 429 prius
1037 368 1057 411 e

228 470 383 534 dioecesi
395 468 784 554 Reginaehradecensi.
804 470 983 535 Absoluto
995 490 1056 535 no·

227 593 356 657 1111010
375 591 526 657 mittitur
546 611 639 656 anno
659 596 740 672 1804
757 591 990 657 Litomislium
1010 594 1057 657 ad

228 717 467 781 continuanda
480 714 598 778 studia
609 715 866 798 philosophica,
884 735 975 797 quae
988 717 1057 779 iam

227 837 418 922 Raigradii
434 857 526 900 anno
547 840 626 901 1803
648 847 831 920 00000101,
854 837 973 920 ibique
993 858 1059 920 per

226 961 409 1023 biennium
434 969 669 1023 commoratus
693 961 963 1044 psychologiam
988 980 1058 1023 ern·

227 1083 385 1165 piricam,
406 1082 558 1165 logicam
575 1082 820 1164 universalem,
841 1082 1058 1165 metaphysi-

227 1225 315 1288 cam,
333 1204 496 1286 ethicam,
509 1204 695 1287 physicam
708 1213 744 1267 et
756 1205 931 1267 mathesin
944 1204 1057 1286 appli-

227 1337 344 1391 catam
365 1327 511 1409 audivit,
532 1326 698 1389 feriarum
719 1337 879 1408 tempore
904 1330 983 1389 1805
1007 1331 1056 1390 28.

228 1448 306 1514 Oct.
316 1451 362 1511 ad
372 1467 509 1512 sacram
518 1447 775 1529 professionem
786 1449 961 1512 admissus
971 1469 1056 1512 una-

226 1592 305 1636 cum
323 1570 534 1633 connovitiis
546 1570 619 1632 suis
631 1568 737 1633 Gallo
750 1581 785 1634 et
796 1570 933 1634 Mauro.
949 1573 1057 1635 Anno

230 1698 310 1758 1805
327 1700 357 1757 3.
374 1694 448 1757 1011.
470 1694 516 1755 00
532 1695 737 1756 mandatum
757 1694 955 1776 praepositi
970 1695 1057 1757 Pra-

225 1836 308 1899 gam
335 1816 382 1878 ad
405 1815 657 1879 monasterium
680 1815 950 1880 Btevnoviense
977 1835 1057 1898 pro·

225 1938 341 2003 fectus
361 1939 410 2000 ibi
432 1958 497 2020 per
513 1939 699 2001 decursum
717 1941 865 2003 duorum
886 1959 1055 2003 annorum

225 2061 429 2144 theologiae
437 2070 560 2143 partes
569 2061 752 2123 historiam
766 2061 1056 2144 ecclesiasticam,

225 2183 538 2267 introductionem,
562 2184 617 2246 ius
641 2184 858 2267 canonicum,
883 2186 1056 2268 dogmati-

227 2327 305 2371 cam
326 2318 362 2370 et
377 2306 677 2370 hermeneuticam
695 2326 742 2369 ex
757 2309 1057 2388 praelectionibus

226 2428 467 2512 professorum
476 2429 751 2492 Bonaventurae
760 2429 888 2493 Miiller
897 2442 920 2495 t.
929 2441 953 2495 t.
963 2433 1056 2513 prio·

226 2552 288 2634 ris,
310 2550 448 2615 Placidi
464 2552 628 2615 Benesch
650 2561 686 2614 et
707 2551 888 2616 Lamberti
904 2553 1056 2618 Linden-

226 2675 301 2737 thal
322 2674 457 2756 optimo
478 2694 556 2737 cum
577 2693 746 2738 successu
769 2676 920 2759 audivit,
945 2687 981 2740 et
1009 2698 1055 2740 10.

225 2800 330 2863 Febr.
359 2803 438 2876 1807
463 2798 609 2860 obtenta
634 2798 788 2880 desuper
814 2798 957 2862 licentia
983 2801 1057 2883 epi-

226 2921 326 3003 scopi
349 2919 544 2982 Brunensis
568 2939 638 2981 una
662 2939 741 2982 curn
763 2919 785 2982 f.
809 2918 912 2984 Gallo
933 2931 969 2985 et
988 2920 1056 3006 Cy·

225 3043 303 3106 rillo
326 3042 605 3105 subdiaconatus
627 3042 750 3105 ordine
773 3043 964 3127 insignitus
990 3055 1054 3108 est.

224 3165 360 3229 Redux
382 3166 523 3226 domum
548 3168 628 3243 1809
649 3165 866 3248 theologiam
887 3167 1054 3230 moralem

226 3297 263 3352 et
277 3288 495 3370 pastoralem
509 3287 543 3349 in
556 3286 744 3350 seminario
758 3288 953 3370 episcopali
967 3289 1055 3352 Bru-

226 3430 293 3474 nae
310 3410 434 3473 didicit
450 3410 571 3491 sicque
587 3411 752 3473 absoluto
765 3411 969 3494 theologiae
981 3412 1055 3474 uni-

226 3553 352 3597 versae
368 3534 486 3596 studio
503 3538 554 3596 30.
568 3532 663 3616 Aug.
678 3533 711 3595 h.
729 3553 808 3595 ann.
826 3534 1056 3617 abepiscopo

226 3655 403 3719 Brunensi
418 3655 453 3718 in
466 3655 597 3717 sacello
610 3654 686 3717 eius
699 3655 896 3718 domestico
908 3658 1056 3741 presby-

226 3789 280 3843 ter
296 3789 351 3841 est
367 3778 560 3842 ordinatus.
585 3777 719 3861 Magna
742 3780 967 3842 sacerdotum
983 3780 1057 3842 ino·

226 3901 286 3984 pia
306 3911 452 3964 coactus
473 3902 598 3963 eodem
621 3919 714 3962 anno
741 3899 933 3981 episcopus
956 3919 1057 3982 prae-

226 4023 381 4106 positum
402 4032 560 4086 nostrum
581 4022 749 4104 precibus
765 4022 854 4106 adit,
878 4033 917 4086 ut
937 4043 1056 4105 quem-

226 4148 308 4209 dam
328 4165 469 4208 suorum
492 4144 779 4228 Schlapanicium
805 4145 840 4208 in
860 4145 1056 4208 subsidium

226 4288 332 4333 curae
353 4268 548 4330 animarum
570 4273 694 4350 mittat,
720 4268 848 4350 quibus
865 4266 1057 4330 Othmarus

225 4391 474 4456 obsecundans
495 4390 535 4453 P.
556 4390 794 4488 Venceslaum
816 4390 899 4454 illuc
924 4390 1056 4453 dimisit

229 4519 277 4578 18.
303 4511 393 4595 001,
419 4514 478 4595 qui
503 4513 635 4575 ibidem
658 4532 772 4595 usque
795 4513 841 4574 ad
864 4512 947 4575 anni
976 4516 1056 4591 1814

224 4635 331 4698 finem
355 4646 590 4698 commoratus
615 4643 680 4717 est,
704 4634 845 4697 insimul
867 4633 1056 4698 Socolnicii

202 4744 262 4820 ’111
289 4758 493 4839 nosocomio
521 4757 696 4820 castrensi
723 4756 822 4819 varie
850 4765 1056 4836 occupatus.

226 4879 343 4960 Quum
356 4899 443 4942 anno
461 4886 541 4944 1815
555 4889 699 4943 curatus
711 4878 958 4962 Syrovicensis
971 4878 1057 4940 Ber·

1137 103 1266 165 nardus
1285 102 1450 167 Pivonka
1473 105 1521 167 ob
1536 101 1712 167 infirmam
1727 105 2012 187 valetudinem

1137 243 1264 288 munus
1285 224 1501 309 abdicasset,
1517 225 1743 290 Venceslaus
1764 227 1799 290 in
1819 226 1887 290 0105
1903 230 2010 302 10.

1137 365 1217 411 curn
1232 355 1423 429 suspectus
1438 358 1510 430 est,
1534 348 1595 430 qui
1616 367 1683 431 per
1703 350 2000 433 quatuordecim

1136 487 1249 532 annos
1263 469 1299 532 in
1316 469 1452 534 curatia
1467 469 1633 552 praefata
1653 489 1778 535 omnes
1792 470 1890 536 officii
1905 494 1993 556 sui

1136 599 1260 673 partes
1289 592 1490 674 adimplens
1519 612 1690 676 magnum
1717 594 1785 657 sibi
1812 593 1983 677 fidelium

1137 713 1326 794 acquisivit
1338 733 1508 788 amorem;
1525 716 1739 797 usquedum
1756 717 1974 805 181901οα

1137 835 1180 896 ab
1189 835 1387 917 episcopali
1396 834 1515 900 officio
1524 839 1572 901 ob
1580 857 1737 901 errorem
1747 838 1968 917 commissum

1138 967 1311 1021 avocatus
1334 959 1369 1021 in
1394 960 1647 1023 monasterium
1670 960 1866 1023 remittitur.
1886 960 1959 1035 Sed

1137 1098 1254 1160 neque
1277 1080 1377 1143 hicce
1399 1082 1460 1143 diu
1481 1091 1558 1145 erat
1578 1083 1805 1157 manendum.
1828 1101 1854 1160 7.
1873 1084 1953 1170 Apr,

1138 1200 1231 1264 enim
1266 1202 1393 1266 iterum
1424 1204 1599 1267 sarcinam
1635 1204 1783 1288 collegit
1812 1204 1951 1273 011100-

1137 1323 1366 1389 Rausnitium
1383 1345 1421 1389 se
1438 1327 1598 1392 contulit.
1623 1327 1790 1390 Parocho
1803 1346 1878 1391 vero
1888 1329 1950 1392 ibi·
2013 1406 2015 1423 Ι

1137 1448 1218 1510 dem
1235 1447 1404 1512 defuncto
1420 1468 1530 1532 aeger
1542 1450 1660 1512 animo
1673 1449 1949 1513 Venceslausdo-

1136 1590 1231 1632 mum
1247 1580 1383 1634 remeat
1399 1577 1446 1634 13.
1461 1571 1555 1655 Aug.
1572 1572 1688 1654 huius,
1705 1582 1743 1635 et
1763 1592 1808 1635 10.
1820 1572 1887 1635 Dec.
1895 1573 1951 1634 ab

1137 1690 1254 1755 officio
1285 1694 1483 1776 episcopali
1510 1695 1638 1758 iterum
1665 1694 1863 1758 Hiifleinarn
1883 1709 1954 1776 pro

1136 1815 1314 1878 iuvamine
1329 1816 1366 1878 in
1382 1835 1467 1879 cura
1488 1817 1683 1881 animarum
1705 1817 1873 1880 ordinatus
1886 1831 1959 1878 no

1136 1956 1219 1999 vum
1250 1937 1430 2000 biennium
1463 1937 1549 2002 foris
1584 1939 1784 2022 transigere
1812 1938 1962 2021 cogitur·

1137 2063 1166 2122 3.
1191 2059 1295 2122 Febr.
1326 2063 1403 2122 1831
1430 2062 1574 2124 tandem
1598 2072 1788 2125 revocatus
1810 2061 1969 2143 quietern

1136 2192 1363 2264 peroptatam
1376 2183 1412 2245 in
1425 2184 1598 2247 coenobio
1612 2195 1748 2267 nactus,
1765 2185 1894 2249 sacrista
1910 2180 1974 2237 el

1135 2303 1385 2368 refectorarius
1406 2306 1630 2391 constitutus,
1653 2328 1675 2368 a
1695 2327 1839 2390 quorum
1851 2291 1976 2388 primi

1141 2431 1234 2509 1835,
1250 2449 1272 2490 0
1287 2430 1477 2510 0051011011
1493 2450 1579 2494 vero
1601 2435 1683 2509 1870
1698 2430 1872 2494 absolutus
1883 2424 1978 2489 e5l·

1137 2549 1252 2612 Hilari
1265 2551 1381 2614 animo
1395 2572 1607 2634 semperque
1621 2553 1741 2618 studio
1750 2548 1981 2634 philologiae

1137 2672 1293 2735 slavicae
1310 2693 1447 2736 necnon
1460 2674 1617 2737 musicae
1629 2684 1727 2737 totus
1740 2682 1880 2755 quantus
1890 2669 1926 2731 <l
1935 2676 1981 2720 Φ

1137 2795 1232 2859 01105
1249 2796 1326 2858 0105
1341 2816 1425 2858 5005
1441 2799 1487 2859 00
1505 2797 1725 2880 decrepitam
1743 2814 1850 2878 usque
1862 2802 1980 2857 aem·

1136 2928 1207 2981 tem
1224 2919 1462 3001 prolongavit,
1480 2928 1517 2982 et
1532 2919 1715 2983 celebrato
1735 2907 1976 3001 professionis

1135 3060 1288 3103 necnon
1309 3041 1499 3105 sacerdotii
1521 3042 1575 3105 sui
1596 3041 1752 3104 iubilaeo
1772 3051 1849 3123 post
1868 3049 1972 3101 nor·

1135 3164 1219 3226 burn
1235 3183 1305 3226 non
1321 3164 1387 3226 nisi
1404 3164 1680 3246 quatriduanum
1696 3174 1735 3227 ut
1751 3163 1861 3227 senior
1873 3174 1966 3224 eom·

1135 3297 1264 3350 ventus
1288 3287 1550 3370 nonagenarius
1572 3286 1648 3349 fere
1672 3285 1894 3370 placidissime
1932 3277 1958 3338 in

1135 3410 1288 3472 Domino
1305 3409 1520 3472 obdormivit
1536 3429 1583 3472 ex
1598 3427 1775 3472 marasmo
1790 3405 1879 3470 senili
1891 3398 1951 3463 die

1140 3538 1186 3596 13.
1205 3532 1282 3598 Oct.
1304 3537 1383 3612 1872
1400 3535 1488 3595 hora
1506 3534 1562 3614 7¹f,
1578 3550 1695 3614 1110110,
1717 3531 1814 3595 00105
1831 3539 1942 3606 corpus

1136 3676 1200 3738 per
1226 3658 1394 3719 abbatem
1418 3653 1641 3720 Guntherum
1670 3654 1864 3737 sepulturae
1881 3658 1937 3708 tra·

1137 3778 1259 3842 ditum.

1225 3890 1325 3975 Opus
1352 3891 1392 3953 P.
1415 3891 1606 3954 Venceslai
1629 3891 1719 3953 Kffl
1746 3889 1835 3972 quod
1856 3877 1924 3966 typis
2007 3903 2015 3919 ’

1136 4005 1269 4088 0100111
1284 4005 1460 4067 titulatur:
1924 4076 1928 4087 ι
2004 4000 2015 4042 ’1

1222 4121 1394 4197 Nejnovejii
1417 4119 1618 4178 lancionilek
1641 4121 1690 4178 dili
1714 4114 1862 4197 zpevuidtk
1880 4121 1916 4184 010
2002 4115 2015 4164 r,

1136 4226 1289 4284 katolicke
1305 4226 1459 4300 hiesiany.
1481 4221 1510 4303 (i.
1528 4244 1555 4282 0.
1576 4225 1779 4282 Νο111551111001
1793 4207 1916 4279 caneioult
1998 4225 2015 4288 r}

1136 4350 1190 4389 seu
1211 4329 1287 4387 liber
1308 4333 1493 4387 canticorum
1510 4347 1668 4386 sacrorum
1688 4329 1727 4386 ad
1744 4346 1821 4386 050111
1834 4311 1914 4381 adol
2004 4382 2007 4387 ,

1136 4433 1262 4514 001001.)
1285 4435 1414 4502 Brome,
1439 4436 1520 4510 typis
1541 4433 1652 4491 viduae
1673 4432 1818 4510 Rudolphi
1830 4423 1913 4486 Rohrer·
1996 4479 2015 4507 a

1141 4539 1231 4613 1843·
1250 4539 1292 4596 8⁰.
1310 4559 1339 4615 0.
1358 4553 1417 4595 100
1433 4551 1463 4595 01
1481 4552 1528 4618 12,
1545 4540 1574 4594 in
1590 4551 1697 4595 nostra
1712 4534 1872 4595 bibliotheca
1880 4514 1912 4579 ab
1997 4510 2015 4529 ”

1136 4646 1208 4701 Β111.
1230 4658 1342 4719 17194.

1224 4747 1913 4826 SermonemnativumbohemicumP.Vt1¹·
1959 4756 1963 4768 '

1138 4876 1276 4939 ceslaus
1303 4886 1424 4937 noster
1451 4875 1666 4955 praeprimis
1694 4876 1837 4950 colebat,
1856 4852 1914 4945 (111⁰d
