4034 6262
968 543 1011 553 —-
1055 507 1145 570 VIII
1189 545 1233 554 -

230 731 336 794 hodie
361 752 502 812 quoque
526 731 628 795 floret
652 742 759 812 atque
784 732 893 814 viget.
934 730 1004 812 Qui
1025 751 1112 794 vero
1136 752 1217 794 eum
1241 736 1409 796 serebant
1433 744 1469 796 et
1494 735 1676 816 colebant,
1701 736 1832 817 partim
1856 737 1970 798 Latini

230 870 382 932 nominis
405 870 535 951 partim
559 871 778 933 Franconiae
803 879 839 932 et
861 870 1018 952 Angliae
1042 871 1205 933 monachi
1229 881 1340 934 erant.
1374 871 1427 933 Illi
1445 873 1612 953 Aquileia
1629 873 1791 954 profecti,
1816 875 1875 935 ubi
1902 895 1972 937 mo-

231 1008 387 1070 nasteria
411 1028 437 1071 s.
462 1009 605 1070 Ioannis
628 1010 674 1070 ad
698 1009 894 1088 Timavum,
920 1029 947 1070 s.
971 1010 1070 1071 Petri
1094 1011 1129 1071 in
1153 1009 1268 1072 insula
1292 1031 1319 1073 s.
1343 1011 1452 1092 Petri,
1478 1030 1504 1072 s,
1530 1012 1656 1074 Iuliani
1680 1013 1714 1073 in
1740 1013 1857 1075 insula
1882 1014 1972 1074 eius-

231 1149 310 1209 dem
335 1147 499 1228 nominis,
523 1168 549 1208 s
573 1147 715 1228 Hilarii,
740 1169 766 1209 s
790 1147 976 1210 Michaelis
999 1149 1034 1209 in
1059 1148 1285 1254 Cervignano
1310 1149 1453 1211 saeculo
1478 1150 1630 1230 septimo
1655 1161 1691 1211 et
1715 1160 1845 1212 octavo
1870 1172 1974 1232 regu-

230 1288 299 1349 lam
323 1308 350 1349 s,
375 1287 564 1349 Benedicti
588 1297 834 1368 susceperant,
865 1287 934 1350 alia
958 1297 996 1349 ut
1021 1286 1166 1367 Sexto¹l
1191 1289 1226 1350 in
1250 1288 1343 1350 Foro
1368 1288 1457 1350 Iulio
1482 1298 1518 1351 et
1541 1289 1694 1369 Beligna
1722 1310 1835 1370 prope
1860 1290 1973 1370 Aqui-

230 1425 333 1487 leiam
358 1426 501 1487 saeculo
525 1435 653 1488 octavo
677 1436 712 1488 et
736 1445 828 1487 nono
860 1426 1002 1488 condita
1030 1436 1145 1505 erant,
1176 1424 1304 1488 Slavos
1335 1427 1509 1488 australes
1538 1428 1648 1488 sacris
1672 1427 1882 1490 Christianis
1912 1428 1973 1488 im-

231 1565 394 1643 buerunt,
412 1563 447 1624 hi
464 1563 633 1645 gentibus
651 1562 883 1644 Germanicis
900 1572 983 1625 ante
1000 1583 1121 1626 omnes
1139 1564 1313 1626 Baioariis
1330 1574 1366 1626 et
1382 1564 1449 1625 illis
1467 1565 1594 1645 SlaviS,
1618 1565 1677 1645 qui
1695 1566 1807 1627 valles
1825 1567 1972 1645 Alpium

230 1701 437 1763 Noricarum
461 1702 675 1783 incolebant,
699 1704 817 1764 lumen
840 1701 924 1763 fidei
948 1705 1196 1765 accenderunt.
1238 1702 1310 1766 Sed
1335 1706 1418 1765 dum
1441 1704 1507 1784 illi,
1533 1705 1718 1784 quominus
1747 1705 1972 1784 proficerent,

230 1840 339 1901 variis
373 1840 505 1919 turbis,
541 1862 632 1922 quae
668 1842 789 1904 litibus
826 1842 1001 1904 diuturnis
1032 1843 1313 1923 patriarcharum
1344 1841 1629 1922 Aquileiensium
1666 1853 1702 1904 et
1733 1841 1971 1904 Gradensium

231 1980 471 2060 augebantur,
496 1979 747 2060 Impediuntur,
764 1980 825 2042 .his
848 1981 942 2042 latus
967 2001 1114 2062 campus
1137 1981 1271 2062 patuit,
1304 1981 1338 2040 in
1364 2001 1433 2061 quo
1458 2001 1577 2042 eorum
1602 1982 1714 2042 virtus
1739 1993 1774 2043 et
1797 1982 1973 2044 industria

232 2135 419 2178 excurrere
443 2127 594 2198 poterat.
631 2118 787 2198 Quorum
804 2119 938 2198 primus
955 2131 1031 2181 erat
1055 2140 1081 2183 s,
1098 2119 1296 2200 RupertuS,
1321 2119 1512 2200 episcopus
1528 2119 1812 2201 Wormatiensis,
1829 2121 1972 2201 propin-

231 2255 367 2336 quitate
391 2255 510 2316 domui
534 2255 654 2337 regiae
679 2257 977 2339 Merowingorum
1002 2258 1210 2320 coniunctus
1220 2259 1253 2338 2).
1286 2257 1453 2337 Primum,
1476 2269 1514 2319 ut
1531 2257 1726 2320 doctrinam
1744 2258 1875 2319 Christi
1893 2278 1971 2338 pro-

230 2406 391 2477 pagaret,
416 2396 462 2456 ad
485 2395 628 2456 Avaros
652 2407 919 2477 properaverat.
958 2397 1046 2459 Inde
1062 2416 1227 2458 reversus
1251 2406 1328 2458 toto
1353 2397 1470 2458 animo
1496 2416 1533 2457 se
1558 2396 1696 2486 dedidit
1720 2397 1971 2458 convertendis

231 2534 416 2614 Baioariis,
442 2534 502 2594 ubi
526 2535 708 2616 complura
724 2535 940 2597 monasteria
957 2535 1125 2615 condidit,
1151 2555 1298 2615 quorum
1316 2535 1584 2597 celeberrimum
1602 2544 1679 2596 erat
1697 2536 1792 2616 quod
1810 2535 1845 2596 in
1861 2535 1971 2596 ruinis

231 2673 363 2734 veteris
387 2673 557 2733 Iuvaviae
582 2683 802 2736 exstructum
830 2673 982 2754 principi
1011 2674 1254 2755 apostolorum
1282 2674 1555 2754 dedicaverats).
1601 2673 1715 2734 Huius
1748 2674 1970 2752 praeclarum

231 2811 434 2892 exemplum
457 2811 565 2890 paulo
589 2820 671 2892 post
699 2811 760 2873 alii
787 2811 901 2873 secuti
929 2823 1011 2873 sunt
1038 2822 1077 2875 ut
1104 2832 1131 2875 s,
1160 2812 1391 2874 Emmeranus
1420 2823 1456 2874 et
1485 2832 1511 2873 s.
1537 2811 1789 2891 Corbinianus,
1822 2831 1972 2891 quorum

231 2950 321 3011 alter
344 2950 569 3012 Ratisbonae
593 2951 684 3011 alter
707 2950 898 3012 Fraxiniae
922 2952 1093 3012 ecclesias
1121 2960 1157 3013 et
1186 2951 1400 3012 monasteria
1431 2948 1644 3011 aedificavit.
1690 2949 1826 3010 Horum
1861 2968 1972 3028 opera

231 3090 355 3150 domus
378 3088 480 3169 regia
504 3109 646 3169 quoque
663 3088 907 3151 Baioariorum
924 3088 1136 3172 Agilolfingi
1152 3089 1323 3170 multique
1348 3088 1486 3149 nobiles
1503 3087 1739 3150 Christianam
1760 3087 1971 3168 religionem

231 3228 387 3309 amplexi
403 3238 495 3290 sunt.
532 3227 604 3291 Sed
629 3229 827 3290 etiamtum
843 3229 968 3290 messis
986 3230 1128 3310 quidem
1145 3249 1284 3311 magna,
1309 3227 1464 3310 operarii
1480 3237 1598 3288 autem
1622 3226 1737 3308 pauci.
1773 3225 1824 3286 Ut
1848 3245 1972 3286 eorum

231 3385 397 3428 numerus
414 3377 615 3449 augeretur,
642 3368 747 3432 Odilo
773 3369 847 3429 dux
863 3368 908 3428 ad
924 3367 1038 3449 ripam
1054 3367 1277 3429 Lunaelacus
1293 3367 1329 3429 in
1346 3365 1495 3428 Austria
1513 3363 1695 3444 superiore
1711 3361 1793 3423 filiis
1810 3383 1837 3423 s,
1856 3363 1972 3423 Bene-

231 3504 316 3566 dicti
340 3525 468 3567 novam
492 3507 666 3569 coloniam
690 3505 882 3569 constituit.
912 3506 993 3568 Huc
1017 3525 1063 3567 ex
1079 3505 1294 3567 monasterio
1311 3503 1515 3566 Cassinensi
1533 3500 1730 3580 duodecim,
1748 3510 1786 3560 ut
1802 3501 1972 3580 antiquus

231 3643 364 3705 ordinis
388 3662 464 3705 mos
489 3655 575 3726 erat,
600 3645 763 3708 monachi
784 3647 873 3707 duce
898 3665 924 3707 s.
941 3645 1112 3707 Pirminio
1136 3644 1307 3726 episcopo
1332 3646 1563 3720 advenerunt,
1588 3639 1647 3721 qui
1672 3641 1738 3700 sub
1756 3636 1971 3719 Opportuno

231 3845 540 3854 —————-.

229 3985 476 4060 Transsylvania.
519 3987 642 4043 Croatia
670 4000 700 4042 et
727 3984 881 4053 Slavonia,
910 3985 1036 4041 Gallizia
1064 3999 1095 4041 et
1120 3987 1284 4051 Bucorina
1317 3983 1365 4040 ubi
1395 4003 1489 4060 parva
1512 3996 1559 4038 est
1586 3985 1631 4038 vis
1656 3983 1742 4037 huius
1767 3981 1893 4048 ordinis,
1924 3983 1971 4037 hic

229 4099 368 4173 neglecta
392 4112 469 4156 sunt.

360 4208 382 4288 ¹)
406 4209 500 4267 Sexto
525 4211 676 4268 conditum
701 4213 822 4267 circiter
847 4208 918 4284 762,
942 4211 1067 4285 Beligna
1090 4209 1271 4268 811-820.
1304 4209 1444 4284 Czdrnig,
1470 4206 1552 4263 Gora
1576 4207 1598 4262 l.

360 4321 381 4401 ²)
406 4324 476 4392 Quo
500 4336 636 4399 tempore
661 4323 709 4379 ille
733 4323 901 4399 Apostolus
925 4326 1130 4381 Baioariorum
1154 4325 1183 4378 in
1207 4321 1357 4399 publicum
1382 4320 1537 4396 prodierit,
1562 4338 1622 4375 non
1647 4322 1721 4375 satis
1747 4331 1878 4383 constat,
1904 4339 1970 4375 cum

231 4436 279 4492 alii
304 4435 426 4492 saeculo
451 4448 538 4491 sexto
563 4449 700 4503 exeunte,
725 4437 774 4492 alii
799 4439 927 4492 exeunte
950 4439 1079 4512 septimo
1104 4455 1170 4492 eum
1196 4437 1225 4490 in
1249 4433 1375 4490 medium
1400 4434 1591 4509 processisse
1616 4432 1808 4488 contendant.
1842 4432 1912 4499 Qua
1935 4432 1972 4486 de

231 4567 264 4605 re
288 4551 475 4624 scripserunt
498 4549 626 4622 Hansig‚
650 4548 722 4616 Filz‚
746 4545 953 4622 Blumberger‚
978 4547 1195 4614 Mittermtiller‚
1219 4545 1411 4602 Friedericus
1436 4542 1639 4600 Wattenbach
1663 4557 1694 4599 et
1716 4544 1775 4598 alii.
1816 4544 1891 4598 Cum
1915 4543 1972 4598 illis

232 4662 303 4718 lacit
326 4661 420 4717 Alois.
445 4660 551 4718 Huber
580 4664 609 4717 in
638 4679 732 4736 opere
756 4661 912 4735 eleganter
940 4663 1072 4736 scripto:
1108 4661 1184 4731 „Die
1207 4657 1397 4730 Einllihrung
1421 4656 1474 4712 des
1497 4656 1738 4711 Christenthums
1763 4658 1791 4710 in
1815 4655 1972 4711 Siidwest-

234 4772 470 4830 Deutschland.“
519 4774 565 4829 Ex
590 4786 676 4849 parte
700 4774 804 4828 horum
829 4786 889 4829 stat
912 4773 1031 4829 Riezler
1058 4775 1086 4827 in
1110 4790 1204 4847 opere
1227 4789 1323 4847 nuper
1347 4770 1445 4825 edito:
1478 4768 1680 4839 „Geschichte
1710 4788 1768 4824 von
1793 4769 1902 4824 Baiern
1927 4770 1969 4823 I.'u

360 4884 383 4962 ³)
408 4885 476 4942 Alia
493 4888 677 4941 monasteria
700 4904 757 4941 as.
776 4886 912 4960 Ruperto
930 4885 1050 4940 condita
1067 4898 1153 4939 erant
1169 4884 1245 4940 cella
1261 4903 1285 4938 e.
1304 4881 1496 4938 Maximiliani
1515 4885 1544 4937 in
1560 4884 1685 4955 Pongau
1703 4900 1800 4956 prope
1817 4881 1972 4936 Bischols-

233 4998 333 5065 hosen,
358 5018 436 5073 quae
460 5018 555 5073 usque
579 4998 616 5053 ad
641 4997 792 5054 saeculum
817 4998 1003 5053 undecimum
1029 4995 1181 5062 exstabat,
1213 4997 1426 5050 monasterium
1451 4993 1686 5058 Seekirchense‚
1718 4994 1920 5066 Oettingense
1945 5009 1973 5048 et

232 5110 507 5184 Weltenburgense
532 5114 559 5166 in
583 5112 721 5166 Bavaria.
767 5110 844 5167 Vide
867 5111 1091 5183 Niedermayer,
1123 5109 1205 5179 „Das
1229 5107 1423 5163 Mouchthum
1454 5110 1481 5161 in
1511 5108 1721 5162 Baiovarien“.
1761 5107 1836 5160 Num
1870 5126 1973 5162 mona·

232 5226 324 5281 steria
348 5244 364 5278 a
388 5244 412 5279 s.
438 5224 574 5298 Ruperto
599 5226 762 5281 constituta
785 5223 920 5296 regulam
944 5244 968 5279 s.
993 5222 1146 5277 Benedicti
1171 5235 1275 5277 secuta
1300 5222 1367 5286 sint,
1393 5238 1452 5274 non
1475 5222 1553 5274 omni
1572 5238 1608 5273 ex
1625 5233 1712 5293 parte
1729 5232 1859 5274 constat.
1893 5221 1972 5288 Quin

232 5340 322 5393 etiarn
347 5355 483 5409 magnam
509 5336 598 5393 habet
622 5336 866 5413 probabilitatem
891 5338 1041 5392 sententia
1061 5353 1174 5402 eorum,
1199 5337 1250 5408 qui
1275 5334 1350 5388 hanc
1375 5333 1509 5405 regulam
1526 5335 1653 5407 primum
1671 5351 1726 5405 per
1742 5351 1766 5387 S.
1786 5332 1973 5388 Bonilacimn

233 5464 263 5506 et
287 5453 316 5505 in
339 5452 550 5505 monasterium
576 5470 599 5506 s.
625 5453 704 5506 Petri
730 5464 760 5506 et
783 5452 811 5504 in
835 5450 950 5523 reliqua
975 5447 1122 5503 inductam
1147 5466 1215 5502 esse
1240 5446 1406 5501 adlirmant.
