4034 6262
222 105 427 188 imperatori
451 106 528 188 regi
550 105 918 190 Austro-Hungariae,
943 106 1053 169 Fran·

224 229 318 291 cisco
346 228 501 310 Iosepho
526 228 553 291 1.
586 229 754 291 abbatem
781 229 985 312 generalem
1017 239 1054 292 et

224 349 530 431 archiepiscopum
540 349 742 413 Aristacem
755 370 859 414 cruce
868 351 991 414 maiori
999 370 1053 414 or-

225 472 315 535 dinis
328 472 383 535 sui
396 491 548 535 coronae
560 472 699 536 ferreae
711 473 932 557 distinguere
944 484 981 536 et
993 475 1053 536 de·

225 614 357 658 corare.
373 595 463 658 Post
478 605 551 658 tam
567 595 733 677 faustum,
750 596 907 678 felixque
922 595 1053 659 festum

224 719 319 780 haud
335 718 443 800 longo
460 729 620 800 tempore
633 721 895 781 concedebatur
907 738 1054 801 congre-

225 841 360 922 gationi
381 840 825 904 Mechith.Vindobonensi
847 841 1055 904 excellentis

226 961 280 1023 sui
312 963 481 1025 antistitis
512 965 716 1045 praesentia
747 964 826 1027 frui.
875 964 966 1027 Nam
998 964 1054 1026 die

227 1087 255 1146 6.
272 1083 358 1145 Maii
379 1088 457 1147 1855
476 1085 731 1148 illustrissimus
748 1089 861 1148 abbas
877 1086 1055 1169 generalis

227 1213 263 1266 et
278 1205 567 1288 archiepiscopus
584 1208 768 1270 Aristaces
785 1209 927 1290 placida
943 1217 1055 1270 morte

228 1344 247 1386 e
264 1326 356 1388 vivis
373 1330 581 1390 excedebat.

314 1447 435 1530 Opera
471 1450 629 1513 eiusdem
665 1452 889 1514 illustrissimi
925 1453 1056 1515 domini

139 1588 142 1596 ·
227 1571 385 1633 abbatis:

312 1692 452 1756 Nullum
479 1695 620 1776 quidem
646 1715 750 1777 opuS,
779 1697 881 1758 huius
906 1698 1055 1778 praelati

1133 127 1194 171 sus
1218 107 1275 170 die
1303 112 1332 171 ό.
1354 108 1428 170 Iun.
1457 111 1553 187 17733
1583 105 1784 170 sacerdotio
1807 107 2016 197 ἱηὶῖίειϊιῇξ

1133 230 1191 293 die
1208 251 1233 293 1.
1247 231 1322 294 Iun.
1341 235 1431 311 1776.
1448 228 1699 312 Philosophiae
1716 238 1753 291 et
1764 229 2016 321 theologi&e

1133 352 1261 415 studiis
1277 352 1313 415 in
1330 352 1412 416 divo
1428 351 1549 416 Blasio
1565 351 1732 434 peractis,
1749 360 1786 413 et
1800 352 1845 413 ad
1861 370 2016 440 om17e

1133 494 1223 558 opus
1235 477 1367 539 bonum
1378 475 1581 557 instructus,
1598 494 1705 538 curae
1717 491 1801 537 mox
1812 483 1848 537 et
1859 475 2011 562 saluti

1133 597 1328 661 animarum
1344 596 1555 679 applicatus,
1571 595 1751 678 parochiis
1763 596 2005 682 successive

1134 721 1361 802 praepositus
1374 729 1512 783 estnon
1525 719 1640 781 minus
1650 723 1679 780 8.
1689 717 1834 799 Hasque
1847 737 1999 799 emen.

1135 862 1195 904 sus
1204 841 1555 924 omnes,constitutus
1565 839 1993 922 exinsuperiorinMen,

1135 985 1221 1049 gen,
1243 965 1338 1046 prior
1360 964 1396 1026 in
1417 962 1616 1046 Oberriedt,
1643 964 1800 1026 decanus
1824 963 1986 1042 demum

1135 1089 1171 1151 in
1188 1108 1214 1151 s,
1228 1086 1349 1149 Blasio
1365 1106 1430 1169 per
1446 1104 1558 1148 annos
1574 1085 1710 1167 aliquot
1724 1085 1816 1146 hanc
1831 1083 1898 1146 sibi
1928 1099 1981 1159 111.

1136 1211 1221 1274 timo
1239 1212 1488 1273 demandatam
1505 1208 1734 1307 provinciam,
1755 1216 1835 1288 post
1852 1205 1973 1281 diram

1137 1354 1279 1416 quoque
1295 1333 1457 1395 coenobii
1474 1341 1510 1393 et
1530 1328 1818 1412 congregationis
1837 1347 1861 1388 s.
1877 1327 1967 1399 Bia.

1137 1457 1178 1519 sii
1192 1456 1458 1519 dissolutionem
1475 1473 1495 1516 e
1508 1453 1706 1535 patriisque
1720 1451 1864 1514 Laribus
1876 1460 1961 1519 emi-

1136 1579 1344 1663 grationem,
1376 1578 1482 1640 etiam
1509 1577 1544 1638 in
1572 1595 1598 1638 s.
1627 1575 1749 1655 Paulo,
1777 1575 1956 1654 parochiae

1137 1722 1220 1765 cura
1247 1711 1397 1783 auctam,
1425 1701 1592 1781 retinens,
1623 1709 1777 1777 strenue,
1804 1697 1948 1780 impigre,

226 1815 365 1876 nomine
382 1835 555 1897 expresso
571 1817 669 1899 typis
686 1819 829 1898 editum,
847 1819 978 1881 existit.
996 1819 1056 1880 Ni·
1112 1832 1116 1861 ¹
1136 1823 1406 1907 vigilantissime
1430 1820 1699 1902 administravit,
1727 1839 1804 1881 cum
1826 1818 1945 1901 ingenti

226 1935 412 1998 hilominus
428 1949 557 2000 norunt
578 1939 681 2001 amici
697 1960 776 2002 cum
793 1941 917 2002 eodem
934 1941 1057 2002 intima

226 2056 463 2121 familiaritate
480 2061 657 2123 coniuncti
677 2062 853 2144 genuinas
870 2063 945 2124 eius
961 2064 1056 2125 lucu-

126 2166 129 2176 ’
227 2180 407 2242 brationes
424 2201 518 2244 esse:

314 2324 335 2379 1.
359 2324 446 2399 Opus
468 2327 495 2381 in
516 2326 616 2401 lingua
634 2327 815 2385 Germanica
832 2331 911 2405 typis
928 2330 1056 2387 editum:

228 2426 284 2481 Die
297 2427 468 2503 Erziehung
486 2432 523 2486 im
537 2430 642 2487 Geiste
654 2432 708 2488 des
720 2433 969 2491 Christenthums.
988 2436 1057 2510 Ipse

229 2543 321 2587 totum
350 2531 407 2588 hoc
440 2552 517 2608 opus
549 2537 577 2590 in
606 2536 706 2610 lingua
733 2538 836 2595 Italica
865 2541 1056 2614 conscripsit,

228 2654 374 2712 suumque
385 2641 619 2715 manuscriptum
633 2644 792 2716 pervisum
807 2645 834 2698 in
844 2645 935 2699 variis
949 2643 1057 2718 linguis

230 2741 366 2814 apprime
382 2756 533 2798 versatum
555 2746 583 2798 in
605 2743 734 2819 linguam
752 2746 963 2803 Germanicam
980 2749 1057 2802 verti

230 2842 308 2900 lecit.
323 2844 362 2900 Et
372 2864 438 2901 cum
449 2847 525 2903 hanc
535 2850 704 2905 versionem
718 2851 746 2905 in
756 2850 879 2907 Austria
887 2854 968 2928 typis
977 2870 1057 2908 man·

229 2946 299 3003 dare
308 2952 455 3024 nequiret,
465 2949 535 3007 alibi
548 2955 737 3010 curaviteam
747 2957 775 3010 in
789 2955 885 3012 lucem
899 2956 1056 3030 edi.1839.

316 3054 353 3110 II.
375 3053 464 3111 Aliud
482 3058 658 3132 opusculum
676 3057 713 3114 ab
731 3060 837 3116 eodem
858 3060 1058 3119 illustrissimo

229 3156 349 3215 domino
372 3161 399 3214 in
415 3161 519 3217 Italico
535 3181 674 3219 sermone
691 3167 896 3240 conscriptum
912 3179 942 3222 et
958 3169 987 3222 in
1004 3167 1058 3222 lin-

228 3280 318 3335 guam
339 3262 549 3321 Germanicam
574 3267 748 3323 translatum
777 3249 925 3344 typisque*
947 3270 1058 3326 editum

230 3365 418 3424 inscribitur:
444 3369 584 3426 Entwurl
604 3390 640 3425 zu
661 3373 756 3427 einem
774 3371 914 3448 Systeme
934 3373 980 3430 fiir
1000 3375 1058 3431 den

231 3469 562 3545 Religionsunterricht.
580 3475 656 3530 Vom
669 3475 829 3533 Versasser
845 3478 898 3534 des
912 3478 1057 3535 Werkes:

231 3573 401 3649 Erziehung
425 3577 462 3631 im
485 3576 590 3633 Geiste
610 3577 664 3635 des
686 3580 934 3638 Christenthums.
958 3582 1058 3651 Wien,

232 3678 641 3739 Mechith.·Buchdruckerei.
664 3682 753 3756 1853.

318 3783 371 3839 ΙΙΙ.
397 3785 429 3839 In
447 3785 553 3841 Latina
575 3787 676 3861 lingua
692 3788 783 3844 edidit
799 3789 986 3864 opusculum,
1011 3793 1058 3847 cui

234 3884 334 3940 titulus
354 3902 414 3943 est:
440 3889 484 3944 De
504 3891 566 3945 vita
582 3894 730 3947 communi
752 3892 887 3967 perlecta
903 3897 1059 3970 utriusque

235 3989 442 4063 religiosorum
464 4013 564 4050 sexus
588 3994 637 4050 Ab
653 3996 689 4052 A.
706 3996 742 4052 A.
760 3996 798 4053 G.
820 3994 848 4075 (i.
871 4017 897 4053 e.
919 3997 1058 4055 Aristaee

235 4089 344 4149 abbate
361 4095 516 4175 generali).
537 4098 681 4167 Viennae,
699 4103 778 4175 typis
794 4103 906 4175 Congr.
917 4102 1057 4159 Mechith.

241 4194 329 4268 1854.

321 4360 485 4436 Baader
511 4377 676 4439 Marcus
701 4376 1058 4466 (San-BlasianuS,

239 4499 384 4565 postea
419 4489 758 4573 San-Paulanus).
794 4495 908 4557 Natus
940 4505 994 4558 est
1023 4497 1058 4559 in

239 4605 424 4688 Liiffingen
450 4612 484 4672 in
507 4633 636 4694 magno
664 4616 793 4677 ducatu
819 4617 974 4678 Badensi
1003 4618 1059 4679 die

246 4743 270 4784 1.
295 4725 396 4789 Mart.
425 4736 518 4809 1752;
549 4754 575 4794 5.
599 4735 722 4796 habitu
746 4737 889 4799 indutus
915 4739 949 4800 in
978 4739 1059 4800 divo

242 4843 360 4906 Blasio
376 4849 431 4910 die
444 4856 472 4912 8.
486 4851 563 4915 Oct.
582 4874 676 4932 1771;
697 4858 910 4921 sollemniter
927 4859 1060 4940 profes·

1136 1947 1345 2028 disciplinae
1372 1944 1589 2006 monasticae
1614 1952 1650 2005 et
1674 1940 1940 2024 parochianorum
1982 2026 1987 2037 ι

1137 2070 1383 2148 emolumento,
1407 2066 1519 2128 forma
1544 2065 1661 2127 factus
1681 2063 1800 2147 gregis
1822 2081 1861 2123 ex
1877 2059 1938 2120 ani·
2011 2115 2014 2119 ,

1136 2212 1202 2255 mo.
1232 2193 1364 2254 Aetate
1389 2190 1539 2270 demum,
1562 2187 1744 2250 laboribus
1771 2196 1804 2248 et
1826 2183 1936 2245 viribus
2009 2228 2013 2237 .

1136 2316 1270 2378 fractus
1291 2314 1348 2376 die
1370 2318 1420 2376 26.
1442 2309 1521 2375 Oct.
1543 2315 1621 2373 1822
1645 2307 1866 2392 placidissime
1884 2303 1936 2364 ob
2008 2332 2013 2356 -.

1137 2438 1302 2501 dormivit
1318 2437 1352 2499 in
1370 2435 1521 2498 domine.

1223 2561 1253 2623 T
1255 2561 1336 2644 ypis
1353 2558 1503 2640 imprimi
1520 2556 1619 2618 fecit:

1224 2689 1245 2744 1.
1268 2686 1406 2742 Andacht
1422 2704 1478 2741 vor
1498 2684 1565 2740 dem
1587 2682 1747 2756 heiligsten
1761 2679 1937 2735 Attarssacra·

1136 2806 1226 2849 ment.
1251 2788 1281 2869 (i.
1298 2810 1324 2847 e.
1348 2790 1400 2845 Pia
1419 2788 1542 2845 devotio
1564 2787 1601 2843 ad
1626 2787 1835 2843 sanctissimum
1851 2786 1939 2835 sacra·

1137 2893 1289 2975 mentum.)
1309 2893 1497 2969 Klagenlurt‚
1514 2891 1664 2967 gedruckt
1679 2888 1728 2946 bei
1742 2884 1940 2966 johannteon·

1142 3001 1232 3059 1818.
1250 3000 1292 3058 8⁰.
1315 2998 1370 3071 185
1390 3018 1419 3074 p.

1225 3107 1262 3162 ΙΙ.
1280 3105 1419 3177 Dreissig
1434 3102 1679 3174 Betrachtungen
1695 3098 1768 3156 iiber
1782 3098 1831 3154 das
1843 3081 1944 3150 Leiden

1139 3212 1206 3268 Iesu
1228 3210 1347 3266 Christi.
1373 3204 1401 3285 (i.
1424 3226 1449 3263 e.
1475 3204 1688 3262 Meditationes
1709 3218 1750 3275 30
1769 3203 1803 3259 de
1821 3193 1947 3276 passione

1139 3311 1280 3392 Domini.)
1303 3315 1336 3387 a)
1351 3314 1405 3368 Mit
1421 3311 1474 3367 der
1491 3309 1676 3366 Geschichte
1696 3327 1751 3364 aus
1765 3307 1815 3364 der
1832 3293 1951 3365 heiligen

1139 3418 1265 3485 Schrilt;
1283 3417 1314 3492 b)
1330 3419 1381 3472 mit
1397 3416 1454 3472 den
1472 3415 1636 3471 schdnsten
1653 3413 1712 3469 und
1728 3395 1956 3469 auserlesettsten

1139 3521 1363 3588 Lehrstiicken;
1385 3522 1413 3594 c)
1429 3521 1482 3575 mit
1502 3518 1577 3574 dazu
1593 3517 1802 3593 anpassenden
1816 3499 1962 3571 Gebet‘n'

1138 3663 1181 3670 -
1201 3639 1308 3683 sammt
1328 3624 1501 3700 doppeltem
1516 3623 1675 3696 Anhange.
1705 3617 1877 3696 Klageniun,
1907 3601 1967 3670 ἔθ’

1139 3732 1247 3790 druckt
1261 3729 1311 3786 bei
1327 3729 1446 3806 Johann
1461 3728 1558 3783 Leon.
1580 3725 1672 3783 1818.
1690 3726 1733 3783 8⁰.
1750 3739 1808 3797 342
1825 3742 1851 3799 p.

1225 3874 1442 3962 Babikian,
1487 3882 1803 3946 illustrissimus
1843 3838 1983 3943 dortli'

1139 4006 1213 4068 nus
1230 4005 1476 4066 Adeodatus
1494 3956 1988 4082 (Mechitharista).1)s11¹'

1137 4127 1195 4189 fae
1213 4128 1264 4208 (z
1282 4125 1486 4206 Tschugha)
1510 4124 1545 4187 in
1565 4123 1691 4186 Persia
1717 4142 1810 4186 anno
1838 4099 1948 4201 1738(
1958 4074 1987 4151 ἦ)

1138 4261 1252 4312 natus.
1291 4248 1353 4310 Ille
1381 4257 1436 4309 est
1463 4266 1553 4309 unus
1581 4265 1627 4308 ex
1655 4247 1819 4328 patribus
1841 4216 1985 4309 Meet?

1138 4372 1304 4452 tharistis,
1333 4371 1391 4452 qui
1416 4389 1455 4432 se
1479 4388 1572 4433 anno
1599 4375 1679 4449 1773
1705 4370 1869 4433 Venetiis
1890 4379 1972 4432 corr

1138 4495 1294 4556 tulerunt
1313 4492 1487 4574 Tergeste
1505 4502 1541 4555 et
1557 4490 1886 4574 Congregationem
1899 4491 1966 4555 Me

1139 4614 1414 4678 chitharisticam
1441 4614 1690 4696 Tergestinam
1722 4613 1969 4680 fundaverunt.

1141 4739 1246 4799 Anno
1266 4742 1347 4797 1800
1363 4736 1524 4798 dominus
1540 4737 1758 4798 Adeodatus
1775 4757 1844 4819 per
1860 4734 1974 4802 decre·

1140 4869 1214 4920 tum
1237 4861 1286 4936 (ε
1312 4860 1434 4938 breve)
1465 4858 1589 4920 summi
1615 4856 1802 4939 pontificis
1827 4862 1884 4924 Pii
1904 4863 1977 4925 VH.
