4034 6262
888 512 1145 579 ..(36--

143 712 315 773 tuendum
353 712 562 794 magnisque
601 713 801 794 sumptibus
842 714 975 795 publici
1013 715 1016 800 l
1054 713 1196 774 vissime
1213 713 1425 794 introducta,
1451 734 1555 794 quam
1579 714 1653 795 pari
1677 717 1811 780 consilio

143 835 226 896 iuris
254 835 455 897 faciendum
483 835 726 914 demandavit,
758 835 852 915 quod
881 854 974 897 anno
1014 854 1016 913 7
1054 835 1175 895 labore
1192 834 1348 897 iuvabat.
1378 835 1495 896 Variis
1517 836 1552 897 in
1578 836 1755 899 itineribus
1774 859 1811 902 an

148 962 227 1019 18ὁὺ
245 957 404 1039 contigit.
430 958 563 1020 Eodem
585 977 687 1037 anno,
706 957 799 1018 bello
821 957 856 1018 in
872 956 974 1019 Italia
1013 924 1016 993 i
1059 960 1225 1018 1855—00
1249 958 1414 1038 peractiS,
1438 957 1560 1019 Dudik
1584 959 1699 1021 omnia
1720 960 1788 1023 fere

142 1091 332 1162 commot0,
352 1081 414 1142 Dr.
432 1081 551 1142 Dudik
574 1099 620 1140 ex
640 1079 786 1160 speciali
807 1080 973 1141 mandato
1013 1048 1016 1207 j
1054 1078 1145 1159 perii
1166 1077 1558 1161 Austriaco-hungarici
1581 1081 1722 1142 archiva
1741 1102 1798 1145 seu

142 1202 366 1284 imperatoris
391 1202 557 1264 ,lustriae
581 1202 617 1264 in
640 1202 816 1282 principia
841 1211 973 1264 castro·
1053 1200 1199 1280 bularia,
1231 1220 1338 1261 unum
1366 1201 1561 1264 alterumve
1590 1203 1670 1283 plus
1698 1224 1764 1265 una
1786 1226 1806 1266 v

142 1345 218 1386 rum
239 1327 286 1386 ad
308 1338 429 1405 partes
449 1325 531 1385 belli
553 1325 653 1387 ducis
673 1325 856 1386 celsissimi
880 1325 974 1406 prin·
1012 1368 1015 1395 :
1053 1321 1292 1402 perlustravit,
1310 1331 1384 1383 tum
1397 1343 1489 1385 anno
1509 1328 1586 1387 1863
1605 1326 1746 1407 longum
1762 1326 1811 1388 ite:

143 1448 231 1527 cipis
255 1448 439 1509 Albrechti
467 1458 624 1510 vocatur.
660 1448 715 1509 Ex
743 1449 973 1510 relationibus
1053 1453 1173 1524 partes
1190 1443 1382 1505 orientales
1407 1446 1575 1526 suscepit,
1603 1467 1673 1527 qua
1697 1449 1811 1510 occasi«

142 1710 263 1752 omnes
291 1691 364 1753 fere
389 1693 634 1773 ephemerides
661 1693 838 1754 scribendi
863 1702 972 1754 mate·
1011 1706 1015 1785 7
1053 1688 1221 1768 visitavit,
1247 1698 1354 1769 atque
1380 1690 1493 1750 tribus
1518 1691 1621 1752 annis
1645 1704 1726 1772 post
1742 1713 1807 1774 exp

142 1570 188 1630 ab
209 1588 251 1630 eo
275 1581 359 1631 tunc
380 1569 531 1650 emissiS,
556 1580 595 1631 ut
618 1590 663 1631 ex
685 1569 783 1632 fonte
807 1570 971 1651 genuino,
1053 1565 1398 1647 Constantinopolin,
1431 1568 1595 1630 Athenas
1630 1579 1665 1632 et
1697 1569 1811 1653 Smyrt

141 1813 227 1874 riam
244 1814 464 1876 hauriebant.
493 1814 581 1875 Belli
604 1814 706 1875 huius
726 1813 839 1875 Italici
864 1813 972 1875 histo·
1052 1809 1139 1871 tioni
1174 1810 1364 1872 universali
1400 1812 1550 1873 Lutetiis
1587 1812 1793 1876 Parisiorum

141 1934 228 1995 riam
255 1935 448 1996 celsissimo
476 1935 625 2015 principi
653 1935 868 1996 hereditario
895 1935 971 1996 Ru·
1011 1978 1013 1987 .
1052 1931 1178 1992 artium
1211 1932 1524 2014 inventionumque
1557 1935 1739 1997 historiam
1763 1956 1811 2016 per

141 2057 236 2119 dolfo
268 2057 467 2119 dedicatam
499 2058 566 2118 sub
597 2057 717 2119 titulo:
759 2057 971 2141 „Memoriae
1011 2002 1013 2099 i
1052 2055 1232 2114 strandam
1257 2054 1425 2117 interfuit.
1459 2056 1547 2117 Inde
1573 2077 1638 2137 per
1663 2057 1812 2140 Lugduni

140 2178 222 2240 belli
239 2179 352 2241 Italici
373 2181 417 2241 de
433 2200 527 2241 anno
548 2182 647 2241 180(st
671 2179 804 2261 publici
821 2179 905 2240 iuris
920 2178 971 2241 fe·
1010 2166 1013 2237 ἓ
1050 2175 1245 2237 Massiliam
1259 2186 1295 2238 et
1309 2175 1570 2240 Centumcellas
1582 2180 1736 2242 Romam
1748 2200 1780 2242 se
1791 2200 1811 2242 cr

140 2301 196 2364 cit.
225 2301 355 2363 Paucis
377 2301 502 2363 diebus
523 2310 606 2364 ante
628 2322 786 2384 pugnam
808 2302 970 2363 navalem
1051 2298 1130 2359 tulit
1142 2300 1188 2359 ad
1200 2298 1293 2360 festa
1306 2300 1490 2361 sollemnia
1500 2301 1696 2365 millenarii.
1706 2302 1811 2383 Quae<

139 2423 340 2486 Lissensem
366 2424 427 2487 Dr.
455 2425 577 2486 Dudik
605 2444 652 2486 ex
684 2427 852 2486 mandato
884 2444 969 2486 suae
1050 2430 1151 2482 rante
1172 2422 1281 2483 hocce
1303 2422 1427 2483 itinere
1445 2424 1534 2486 vidit
1552 2437 1588 2486 et
1604 2426 1748 2499 audivit,
1769 2444 1811 2505 qut

139 2566 327 2608 caesareae
351 2546 547 2609 maiestatis
575 2557 613 2609 ut
639 2547 847 2628 archivalia,
878 2566 969 2628 quae
1050 2562 1119 2624 que
1147 2553 1317 2623 expertus
1342 2553 1405 2623 est,
1433 2547 1621 2626 permultis
1649 2547 1801 2628 epistolis,

138 2670 184 2730 ad
205 2669 426 2730 conditiones
451 2669 535 2729 iuris
552 2669 732 2731 Austriaci
754 2679 968 2751 spectarent,
1049 2666 1296 2746 ephemerides
1313 2667 1538 2730 Viennenses
1556 2671 1721 2751 receptis,
1745 2671 1811 2751 publ

139 2791 183 2851 de
208 2790 353 2851 archivo
377 2790 524 2851 centrali
544 2790 707 2852 Venetiis
734 2791 912 2872 seligeret,
937 2791 969 2852 ei
1048 2788 1133 2848 iuris
1153 2786 1248 2849 fecit.
1274 2787 1389 2867 Quum
1406 2800 1598 2852 auctumno
1617 2791 1698 2852 anni
1719 2795 1811 2869 1869s

138 2911 254 2973 officio
278 2912 382 2972 valde
407 2912 584 2973 laborioso
608 2912 700 2973 intra
721 2922 873 2992 quatuor
896 2913 969 2974 die·
1008 2924 1010 2977 ζ
1049 2909 1245 2989 apostolica
1258 2910 1426 2972 maiestas
1439 2910 1653 2976 Franciscus
1669 2915 1811 2993 Iosephus

138 3052 214 3094 rum
226 3033 381 3112 spatium
394 3033 592 3114 sagacitate
605 3052 669 3095 sua
682 3032 855 3095 satisfecit
868 3035 968 3115 adeo,
1008 2992 1010 3028 Ι
1049 3034 1095 3093 ad
1111 3031 1178 3093 iter
1195 3032 1365 3094 orientale
1389 3053 1427 3094 se
1445 3035 1663 3118 accingeret,
1687 3036 1800 3115 Dudlk,

139 3163 177 3215 ut
206 3176 242 3233 ¹9
266 3154 374 3215 cistas
398 3152 588 3216 Graecium
611 3157 846 3234 reportandas
870 3175 969 3217 cura·
1049 3151 1166 3215 officio
1183 3154 1358 3234 capellani
1373 3164 1408 3216 et
1421 3155 1700 3240 historiographi
1714 3158 1811 3239 funger

139 3286 201 3357 ret,
226 3296 318 3356 quae
340 3277 489 3356 demum,
514 3295 603 3355 pace
625 3295 670 3337 ex
694 3285 845 3356 utraque
864 3286 968 3357 parte
1007 3266 1010 3329 i
1048 3286 1114 3357 tur,
1145 3276 1334 3338 comitibus
1364 3277 1498 3339 itineris
1529 3282 1773 3344 adnumeratus
1798 3297 1811 3339 e

138 3399 233 3479 inita,
258 3399 304 3459 ad
324 3407 475 3477 penates
499 3408 709 3460 remearunt.
742 3374 847 3459 Hunc
870 3400 968 3460 labo·
1047 3398 1354 3461 Sollemnitatibus
1375 3399 1637 3484 Hierosolymis
1661 3425 1723 3467 nec
1747 3423 1803 3466 non

137 3540 210 3582 rem
227 3519 377 3583 feliciter
392 3531 577 3600 peractum
598 3520 687 3581 alius
705 3520 827 3582 similis
844 3523 967 3583 subse·
1047 3520 1266 3600 auspicando
1291 3522 1404 3583 canali
1422 3520 1593 3586 Suezensi
1616 3526 1791 3588 celebratis
1808 3525 1811 3584 i

138 3643 264 3723 quitur.
289 3641 524 3704 Ministerium
541 3641 707 3704 Belcredi
732 3643 823 3704 enim
846 3663 967 3705 neces·
1047 3642 1178 3723 terfuit,
1191 3651 1227 3704 et
1240 3663 1359 3704 earum
1372 3645 1650 3724 descriptionem
1663 3649 1755 3729 typis
1765 3648 1811 3709 ede

1006 3712 1008 3733 .

136 3765 264 3826 sarium
290 3765 507 3846 existimans
537 3774 576 3826 ut
600 3766 644 3826 de
668 3765 865 3827 rationibus
893 3766 966 3846 epi·
1047 3767 1128 3826 dam
1160 3766 1307 3846 curavit,
1339 3787 1431 3846 quae
1460 3767 1495 3828 in
1524 3788 1587 3830 200
1615 3769 1811 3850 exemplarih

136 3897 304 3969 scopatus
337 3885 602 3968 CracoviensiS,
639 3888 815 3949 seminarii
849 3898 885 3950 et
916 3889 966 3951 in·
1005 3940 1007 4001 i
1046 3887 1247 3967 sumptibus
1275 3888 1498 3968 imperatoris
1525 3910 1619 3953 anno
1646 3901 1802 3972 sequente

135 4010 336 4072 stitutorum
362 4009 693 4090 ecclesiasticorum,
726 4029 790 4071 nec
822 4030 892 4071 non
921 4011 965 4072 de
1004 4018 1007 4065 ἰ
1045 4011 1158 4070 lucem
1171 4010 1312 4089 prodiit.
1338 4011 1489 4073 Aestate
1507 4017 1590 4091 1870
1602 4014 1722 4075 Dudik
1733 4015 1773 4075 ad
1785 4030 1811 4074 ct

135 4151 296 4194 connexu
313 4152 433 4193 eorum
450 4152 529 4193 curn
544 4132 680 4193 Russia
704 4143 892 4213 computus
913 4132 964 4194 in·
1003 4148 1006 4207 ξ
1045 4131 1215 4193 tinuanda
1228 4132 1346 4193 studia
1359 4135 1403 4194 de
1416 4134 1460 4195 A.
1474 4133 1654 4217 Comenio,
1668 4137 1784 4217 quibus
1795 4133 1811 4194 ir

134 4254 348 4336 stitueretur,
373 4255 434 4315 Dr.
456 4254 578 4315 Bedae
602 4255 669 4314 hoc
694 4252 849 4315 officium
874 4274 964 4316 com·
1003 4218 1005 4335 i
1045 4253 1079 4314 iu
1101 4252 1230 4316 Suecia
1251 4273 1290 4315 se
1314 4255 1531 4337 accinxerat,
1559 4257 1707 4340 Belgiae
1730 4254 1808 4320 etli

133 4376 234 4458 misit,
260 4377 320 4457 qui
341 4377 497 4457 quinque
517 4376 802 4438 hebdomadibus
826 4377 963 4438 deside·
1002 4348 1005 4459 i
1042 4376 1183 4439 landiae
1211 4385 1332 4456 partes
1363 4380 1585 4462 peragravit,
1617 4382 1757 4462 insuper
1781 4396 1811 4440 ve

134 4507 247 4559 ratum
275 4500 477 4579 complevit,
505 4499 609 4559 basin
637 4497 772 4560 scilicet
800 4518 963 4560 necessa·
1002 4470 1004 4523 Ξ
1043 4500 1089 4558 ad
1106 4498 1421 4581 determinandum,
1440 4512 1618 4580 quatenus
1635 4500 1811 4583 ,respublic

133 4618 218 4680 riam
235 4621 280 4681 ad
305 4632 490 4701 compacta
515 4639 608 4681 anno
637 4624 715 4698 1875
740 4622 880 4682 demum
901 4622 962 4683 ab·
1001 4646 1003 4651 ·
1042 4621 1247 4700 generales“
1275 4630 1358 4682 tunc
1380 4623 1550 4702 temporis
1572 4618 1811 4686 seditioneml

134 4741 257 4803 soluta.
290 4742 329 4804 In
354 4743 538 4823 praeclaro
563 4742 620 4802 illo
648 4762 756 4823 opere
781 4743 961 4823 litterario,
1000 4814 1003 4913 Ι
1041 4743 1323 4804 hemicamanno
1345 4748 1424 4805 1o18
1451 4754 1487 4806 et
1503 4747 1667 4827 sequenti
1692 4745 1811 4807 iuvisse

135 4864 227 4941 quod
254 4866 299 4925 ab
331 4883 424 4925 anno
457 4869 535 4924 1803
565 4866 609 4924 ad
641 4868 718 4942 1807
749 4866 814 4925 sub
844 4866 961 4926 titulo:
1043 4865 1100 4925 vel
1117 4875 1292 4944 quatenus
1305 4866 1371 4926 hac
1389 4866 1422 4926 in
1440 4887 1478 4927 re
1491 4868 1706 4929 nocuissent.
1726 4866 1801 4928 lnde

135 4980 476 5063 ,Oesterreichische
492 4985 641 5045 Revuee
670 4985 830 5046 Viennae
848 4986 882 5046 in
899 5007 962 5066 pu·
1043 4997 1181 5047 aestate
1203 4990 1280 5063 1872
1308 4997 1343 5048 et
1365 5007 1430 5067 per
1448 4991 1637 5050 decursum
1658 4994 1734 5068 1873
1749 4989 1811 5049 Dur

133 5102 260 5164 blicum
288 5106 428 5185 prodiit,
459 5106 580 5166 Dudik
609 5106 779 5187 singulari
808 5117 962 5168 tractatu
1043 5126 1180 5168 omnem
1203 5129 1347 5188 operam
1370 5113 1579 5188 praestabat
1604 5113 1638 5172 in
1660 5110 1811 5173 constitut

135 5223 177 5281 de
209 5225 242 5285 vi
273 5248 314 5288 ac
344 5228 521 5307 gravitate
554 5229 719 5307 completi
752 5247 816 5288 suo
844 5229 961 5289 studio
1001 5304 1003 5335 Ι
1043 5229 1096 5288 dis
1114 5229 1264 5309 circuliS,
1290 5231 1498 5292 industriam
1517 5233 1732 5294 nationalem
1752 5233 1811 5291 don

134 5345 249 5417 operis
280 5367 392 5427 aeque
426 5348 664 5409 testimonium
696 5349 811 5429 dedit,
844 5370 884 5410 ac
918 5352 961 5410 de
1043 5351 1166 5410 sticam
1184 5371 1249 5411 nec
1267 5371 1337 5412 non
1352 5372 1468 5413 rerum
1486 5353 1670 5415 Moraviae
1687 5353 1811 5434 pretios

135 5459 239 5535 plena
264 5467 511 5528 reformatione
538 5470 669 5530 ordinis
691 5470 875 5531 Teutonici
902 5491 962 5532 no·
1002 5460 1003 5545 i
1043 5490 1118 5530 rum
1149 5472 1390 5534 collectionem
1424 5494 1489 5554 pro
1519 5476 1741 5555 expositione
1760 5473 1811 5534 vi·
