4088 6270
792 493 1063 555 r—IX*

83 724 208 783 abbate
233 740 365 782 novum
385 720 635 782 monasterium
653 719 851 799 patrocinio
868 740 895 781 s,
912 719 1099 781 Michaelis
1115 720 1320 802 archangeli
1338 721 1563 782 commissum
1579 721 1673 783 clrca
1689 741 1819 783 annum

88 864 141 939 748
165 861 407 939 possederunt
419 861 449 938 ¹).

205 1025 294 1088 Cum
318 1044 406 1086 vero
430 1024 590 1088 monachi
615 1023 919 1106 Salisburgense5‚
945 1045 1092 1105 quorum
1117 1046 1283 1087 numerus
1304 1025 1547 1088 Benedictinis
1571 1045 1618 1087 ex
1642 1027 1819 1088 Brittania

84 1165 222 1226 adscitis
247 1184 379 1246 magno
404 1183 511 1245 opere
528 1174 654 1225 auctus
671 1174 758 1231 erat.
782 1175 928 1227 auctore
945 1185 971 1227 s.
985 1165 1137 1245 Virgilio
1157 1166 1328 1244 episcopo
1344 1174 1381 1226 et
1397 1167 1530 1226 abbate
1546 1166 1592 1225 ad
1608 1165 1816 1245 religionem

85 1302 313 1364 Christianam
339 1301 375 1362 in
400 1301 518 1364 Slavis
542 1300 778 1363 Carantaniae
801 1304 1073 1384 propagandam
1098 1303 1216 1364 studia
1240 1303 1443 1364 conferrent
1466 1303 1586 1383 ibique
1611 1324 1675 1384 per
1695 1303 1818 1365 Mode-

86 1452 168 1503 stum
192 1441 406 1522 episcopum
429 1441 465 1503 in
490 1440 604 1502 Maria
628 1439 722 1513 Saal,
746 1440 886 1515 Villam,
910 1440 1085 1502 Teurniae
1114 1441 1148 1501 in
1179 1443 1424 1520 urbevetere,
1456 1460 1547 1520 quae
1571 1452 1731 1522 tempore
1756 1441 1817 1502 im-

86 1579 165 1660 perii
188 1579 347 1641 Romani
370 1581 475 1641 sedes
499 1579 663 1660 episcopi
687 1578 818 1659 fuerat7
847 1580 987 1661 signum
1012 1580 1136 1641 salutis
1161 1581 1418 1642 constituerent
1428 1584 1449 1655 ²)
1457 1630 1465 1660 ‚
1495 1580 1656 1641 monachi
1681 1579 1818 1641 Lunae-

88 1720 239 1780 lacenses
268 1719 379 1779 vitam
408 1727 520 1779 totam
547 1719 673 1780 incolis
697 1719 867 1780 Austriae
895 1719 1103 1800 superioris,
1136 1740 1227 1800 quae
1259 1739 1351 1780 nunc
1383 1728 1451 1793 est,
1484 1720 1705 1781 dediderunt.
1745 1717 1818 1781 Sed

90 1857 183 1918 etiam
201 1866 275 1917 tum
293 1876 424 1938 magna
441 1856 685 1918 Baioariorum
702 1876 785 1936 pars
801 1857 959 1918 tenebris
976 1857 1196 1939 paganitatis
1214 1857 1341 1920 obfusa
1358 1859 1508 1920 iacebat.
1537 1858 1637 1939 Quae
1655 1867 1692 1919 ut
1709 1842 1819 1938 pelle-

90 2008 207 2075 rentur,
232 1994 397 2058 Odilonis
422 1993 530 2075 filius,
554 1993 678 2056 infelix
702 1995 884 2074 Thassilo‚
914 1996 1057 2058 ultimus
1082 1997 1326 2058 Baioariorum
1351 2000 1441 2069 dux,
1473 1997 1556 2059 filiis
1579 2018 1606 2059 s,
1631 1995 1818 2059 Benedicti

92 2155 188 2197 novas
211 2136 317 2196 sedes
342 2135 492 2218 aperuit.
525 2132 585 2197 Sic
609 2145 688 2198 orta
712 2145 793 2198 sunt
817 2136 920 2198 India
929 2138 953 2217 ³)
979 2137 1171 2216 (Inniclien)
1191 2147 1226 2199 et
1243 2137 1415 2214 Matseot)
1435 2146 1471 2198 et
1489 2156 1548 2214 777
1567 2135 1817 2197 monasterium

93 2275 172 2353 quod
194 2274 361 2335 Thassilo
385 2273 538 2334 maxime
563 2273 598 2334 in
622 2273 760 2334 deliciis
783 2274 955 2353 habebat.
984 2276 1029 2335 ad
1057 2275 1262 2337 Kremisam
1287 2274 1391 2336 situm
1405 2276 1439 2354 5).
1489 2273 1536 2335 Ut
1566 2274 1817 2335 monachorum

93 2412 198 2473 Indiae
222 2421 300 2474 erat
325 2411 360 2472 in
385 2409 524 2493 Slavos‚
550 2412 609 2492 qui
634 2413 774 2496 vallem,
799 2432 890 2492 quae
915 2433 1007 2475 nunc
1024 2413 1232 2476 Pusterthal
1249 2413 1387 2491 dicitur,
1413 2412 1616 2474 incolebant
1633 2423 1669 2473 et
1686 2412 1817 2475 Matse·

93 2551 209 2612 ensium
226 2551 262 2612 in
280 2550 381 2613 vicos
405 2552 449 2611 ad
474 2551 646 2613 Iuvavum
671 2551 758 2612 sitos
782 2552 953 2612 vexillum
978 2553 1091 2613 crucis
1115 2550 1256 2630 inferre,
1282 2551 1330 2612 ita
1347 2549 1672 2612 Cremifanensibus
1689 2558 1818 2631 gentes

94 2708 182 2769 supra
204 2689 380 2750 Annesim
406 2700 441 2750 et
465 2687 563 2751 Slavi
586 2710 651 2770 per
676 2690 791 2769 Alpes
815 2689 985 2751 Austriae
1009 2690 1202 2771 superioris
1226 2689 1378 2769 dispersi
1403 2689 1636 2770 contigerant.

204 2853 339 2915 Verum
373 2853 417 2913 de
440 2852 550 2914 Tiroli
579 2863 723 2933 praeter
745 2853 883 2915 Indiam
915 2855 1022 2916 etiam
1051 2854 1243 2918 Scarancia
1273 2853 1498 2935 (Scharnitz),
1533 2859 1591 2932 703
1625 2853 1766 2915 circiter
1796 2874 1817 2914 a

93 2991 212 3053 duobus
236 2991 420 3053 nobilibus
444 2990 594 3052 Bavaris
617 2990 844 3072 Reginberto
873 3003 907 3054 et
930 2992 1132 3054 Irminfrido
1164 2994 1209 3054 ad
1241 2995 1368 3074 pedem
1400 2993 1530 3054 montis
1561 2991 1692 3053 horridi
1723 2992 1817 3053 Kar-

92 3132 221 3204 u'endel,
245 3130 308 3191 ubi
325 3130 402 3191 Isar
422 3128 551 3192 flumen
568 3150 632 3210 per
647 3131 843 3211 angustias
861 3151 952 3211 quae
970 3130 1280 3193 Scharnitzklause
1298 3131 1473 3203 dicuntur,
1491 3132 1584 3192 viam
1607 3131 1673 3192 sibi
1691 3129 1816 3211 aperit,

92 3277 257 3329 exstructa
289 3266 416 3348 paucis
445 3287 531 3329 vero
560 3267 661 3330 annis
691 3280 773 3349 post
801 3267 1016 3331 Schlehdorf
1044 3270 1078 3331 in
1111 3269 1300 3331 Bavariam
1332 3269 1506 3331 translata
1520 3273 1543 3349 ⁰)
1576 3271 1667 3331 bene
1693 3267 1818 3330 merita

163 3486 388 3493 --—--—-—-—

208 3633 229 3712 ¹)
254 3635 429 3691 Chronicon
452 3633 680 3690 Lunaelacense
709 3649 739 3691 et
767 3636 893 3693 historia
916 3637 1153 3693 Lunaelacensis
1177 3657 1194 3693 a
1217 3638 1383 3693 Luitholdo
1413 3638 1560 3693 monacho
1589 3637 1712 3692 saeculo
1741 3636 1817 3692 duo·

90 3746 192 3802 decimo
215 3749 392 3822 conscripta
415 3760 445 3802 et
468 3747 497 3800 in
521 3745 764 3804 Urkundenbuch
789 3748 843 3803 des
867 3748 988 3805 Laudes
1014 3746 1053 3805 ob
1078 3750 1131 3805 der
1154 3750 1247 3805 Enns.
1272 3752 1293 3805 I.
1319 3750 1408 3805 edita.

205 3882 226 3961 ²)
251 3888 403 3953 Quantum
427 3885 455 3939 hi
480 3887 618 3941 monachi
643 3887 671 3940 in
695 3886 876 3941 Carantania
900 3886 1064 3953 effecerint,
1089 3907 1125 3942 ex
1150 3886 1237 3951 libro,
1262 3891 1312 3961 qui
1340 3888 1527 3955 „Conversio
1556 3888 1762 3943 Baioariorum
1787 3901 1817 3942 et

88 3995 335 4053 Carantanorum“
363 3995 545 4060 inscribitur.
571 4000 761 4073 perspicitur.

203 4136 226 4211 3)
251 4136 336 4191 India
360 4135 480 4191 condita
505 4150 551 4191 est
574 4135 612 4191 ab
637 4136 749 4192 Attone
774 4136 884 4193 abbate
908 4137 1129 4205 Scarancimsi,
1154 4141 1204 4212 qui
1228 4158 1245 4193 a
1262 4139 1444 4194 'l‘hassilone
1468 4157 1545 4193 anno
1573 4152 1634 4211 770
1658 4139 1813 4211 regionem

87 4249 155 4302 circa
178 4248 292 4304 Indiam
319 4250 406 4303 sitam
430 4251 472 4327 ita
497 4262 670 4323 acceperat,
695 4262 725 4303 ut
750 4252 962 4305 monasterium
987 4250 1170 4313 aedificaret,
1195 4254 1280 4306 cuius
1304 4251 1441 4306 monachi
1459 4249 1557 4305 Slaris
1576 4249 1615 4305 ibi
1632 4248 1814 4322 degentibus

85 4360 226 4415 (hristum
252 4359 472 4434 praedicarent.
513 4361 600 4416 Font.
626 4380 683 4415 rer.
709 4361 858 4417 Austriae.
884 4363 920 4417 II.
945 4377 996 4433 31.

207 4498 230 4573 ⁴)
257 4498 327 4566 Quo
353 4517 432 4552 anno
456 4499 607 4554 conditum
633 4502 671 4554 sit
695 4519 753 4554 non
778 4503 850 4556 satis
875 4515 1003 4556 constat.
1043 4503 1116 4556 Nam
1149 4521 1216 4557 cum
1246 4503 1429 4556 vetustiores
1459 4518 1568 4554 annum
1599 4498 1659 4571 760
1691 4513 1813 4574 ponant,

82 4610 206 4667 haserer
230 4611 258 4665 id
284 4611 402 4676 eodem,
427 4630 487 4684 quo
512 4612 723 4674 (remilanum,
747 4632 825 4667 anno
850 4610 935 4690 (777)
960 4616 1153 4669 constitutum
1178 4632 1246 4669 csse
1272 4612 1435 4669 contendit.
1470 4614 1611 4675 Kaserer,
1630 4611 1814 4667 Geschicbte

80 4723 126 4779 des
147 4722 403 4798 Collegiatstiftes
427 4724 568 4779 Mattsee.

200 4864 223 4939 )
242 4864 289 4918 Ile
308 4863 433 4918 historia
448 4862 610 4917 Cremilani
629 4865 832 4938 scripserunt:
857 4865 956 4938 Hagn,
975 4862 1218 4920 IIrkundenbuch
1235 4863 1289 4919 der
1304 4860 1394 4918 Abtei
1413 4864 1671 4925 Kremsmiinster;
1690 4861 1813 4917 Retten-

78 4972 193 5042 bacher,
218 4975 355 5031 Annales
378 4973 639 5040 Cremilanenses;
669 4975 961 5041 Hartenschneider;
994 4974 1221 5041 Dannerbauer,
1253 4975 1438 5031 Geschicbte
1468 4992 1527 5028 von
1553 4974 1811 5039 Kremsmiinster;

78 5086 213 5151 Loserth‚
239 5087 545 5161 Geschicbtsquellen
568 5105 628 5143 von
653 5088 908 5154 Kremsmiinster,
933 5089 992 5144 und
1016 5089 1115 5162 Hagn‚
1139 5088 1266 5145 Wirken
1285 5087 1339 5142 der
1355 5084 1672 5142 Benedictiner-Abtei
1689 5087 1813 5142 Krems-

79 5209 206 5257 munster
232 5200 280 5255 fiir
306 5198 527 5254 Wissenschalt
551 5200 610 5254 und
634 5201 741 5256 Kunst.
782 5201 870 5257 Primi
896 5201 1011 5256 incolae
1035 5200 1192 5257 duodecim
1217 5218 1341 5254 numero
1365 5217 1383 5253 a
1407 5199 1518 5253 Fatero
1542 5195 1652 5254 abbate
1673 5197 1753 5254 ducti
1776 5216 1812 5252 ex

78 5315 259 5371 monasterio
285 5310 605 5368 altahensi-Inferiore
629 5326 785 5368 venerunt.

199 5450 225 5527 ⁰)
252 5449 330 5506 Vide
356 5450 482 5517 Riezler,
508 5450 691 5507 Geschichte
716 5470 775 5508 von
800 5454 916 5519 Heriem,
941 5453 981 5517 I.;
1007 5451 1121 5524 Egger‚
1146 5450 1329 5505 Geschichte
1353 5467 1411 5503 von
1435 5448 1535 5513 Tirnl,
1560 5449 1582 5502 I.

1569 5549 1587 5595 b
