4034 6262
642 489 926 577 *1⁶5-

141 695 179 753 de
203 708 303 752 monte
322 692 587 771 Spielberg'dicto
606 692 743 773 Brunae.)

124 816 140 857 1.
156 799 224 858 Fol.
241 802 305 858 siue
320 818 390 875 pag.

124 905 140 963 l.
169 902 354 962 Geschichte
381 904 435 961 des
461 905 596 963 Marktes
624 907 744 963 Busaud

124 1009 242 1065 lesitzer
257 1011 296 1065 im
316 1023 363 1081 14.
381 1008 440 1065 und
457 1008 741 1085 15.Jahrhunderte.

124 1113 157 1168 ia
187 1112 245 1170 lori
273 1114 468 1171 Busoviensis
495 1127 526 1171 et
551 1114 742 1172 dominorum

125 1229 136 1273 t
156 1214 234 1295 XV.)
257 1219 345 1275 Fasc.
370 1220 399 1274 in
423 1217 473 1276 fol.
497 1218 554 1276 sub
575 1219 613 1276 Η.
638 1219 666 1275 d.
692 1234 742 1292 23.

124 1340 155 1378 .e.

124 1425 135 1482 '.
161 1424 352 1501 Genealogia
374 1429 515 1485 comitum
539 1428 577 1485 de
599 1428 743 1497 (raschin,

131 1531 187 1587 No.
206 1546 235 1587 2.
253 1533 282 1586 in
299 1530 350 1587 Iol.
369 1531 429 1589 duo
446 1533 528 1608 plag.

138 1633 353 1710 Abhandlung‚
370 1639 428 1693 wie
444 1655 511 1694 man
527 1637 575 1694 die
592 1639 672 1696 alten
689 1639 744 1696 Ur·

125 1739 294 1796 Rucksicht
316 1740 369 1797 aul
388 1742 606 1800 verschiedene
623 1745 745 1819 Zweige

124 1844 257 1902 rdischen
285 1844 470 1904 Geschichte
497 1845 647 1905 benutzen
677 1849 743 1905 soll.

144 1948 221 2007 iiber
241 1950 299 2008 den
320 1952 496 2009 Bievnover
515 1950 749 2028 Stiltungsbriel

140 2055 177 2111 II.
194 2056 271 2112 nach
286 2055 375 2132 Joses
388 2055 584 2133 Dobrovsky.
602 2054 632 2135 (i.
650 2076 676 2114 e.
695 2058 746 2114 Li·

124 2179 135 2215 1
152 2158 348 2236 diplomatum
364 2163 394 2218 in
409 2162 600 2238 compilanda
621 2163 747 2219 historia

125 2266 154 2320 in
164 2263 215 2321 Iol.
226 2263 283 2321 sub
294 2266 360 2322 H.i.
377 2266 533 2323 11.No.V.
544 2285 573 2343 p.
586 2265 745 2340 85-101.

124 2386 139 2443 l.
162 2387 315 2444 Kritische
332 2388 573 2463 Untersuchung,
590 2407 677 2445 wann
693 2389 748 2445 das

124 2508 152 2547 tn
180 2492 228 2547 ein
252 2491 470 2566 Marlrgraltum
497 2493 661 2567 geworden
688 2493 748 2549 und

129 2606 229 2651 erster
247 2595 409 2671 Markgral
427 2615 570 2671 gewesen
593 2600 647 2654 sei.
673 2595 703 2675 (i.
720 2616 747 2654 e.

124 2701 223 2756 :ritica
243 2699 281 2757 de
302 2702 421 2774 origine
441 2702 667 2758 marchionatus
682 2702 748 2759 Mo·

124 2823 131 2860 t
156 2806 254 2881 primo
280 2802 476 2884 marchione.)
503 2807 586 2863 Nach
607 2806 749 2865 Gelasius

124 2912 248 2983 nlnotis
276 2910 552 2969 historico-criticis
578 2912 611 2968 P.
639 2912 748 2969 Alexii.

124 3015 140 3069 i.
164 3029 210 3070 12.
228 3015 284 3070 No.
302 3016 324 3071 1.
342 3017 370 3071 in
388 3015 439 3072 Iol.
457 3034 486 3091 p.
504 3014 555 3073 80.

124 3136 157 3192 ll.
175 3136 318 3212 Ausztige
334 3157 389 3194 aus
405 3137 462 3194 den
479 3137 545 3195 Irini
559 3139 680 3195 Banden
696 3139 750 3197 des

124 3252 144 3312 [t
168 3239 397 3315 Beschreibung
416 3241 470 3298 der
493 3241 596 3300 bisher
616 3242 750 3301 bekann-

126 3350 222 3400 iinzen
238 3345 298 3401 und
311 3364 380 3402 vom
393 3345 553 3421 Bergbaue
566 3351 594 3404 in
607 3349 749 3406 Bdhmen.

124 3461 187 3505 :tus
211 3468 249 3506 ex
272 3448 357 3506 libris
383 3453 516 3526 quinque
540 3453 694 3510 historicis
718 3455 750 3511 P.

124 3564 171 3626 gt,
194 3551 232 3608 de
252 3555 349 3610 nuruis
362 3554 531 3613 Bohemicis
548 3569 578 3612 et
593 3557 752 3615 metallicis

140 3656 307 3737 Bohemia.)
324 3659 411 3728 Quae
424 3662 524 3716 omnia
535 3661 654 3736 quidem
672 3666 752 3739 typis

124 3774 170 3818 ast
187 3764 253 3819 sine
269 3765 348 3819 notis
365 3764 473 3821 Alexii.
498 3766 554 3823 Ms.
576 3768 605 3822 in
623 3766 674 3824 fol.
695 3767 752 3825 sub

124 3894 135 3923 ·.
153 3867 204 3923 IV.
222 3885 249 3923 a.
266 3886 296 3943 p.
316 3868 474 3942 79—156.

124 3972 173 4028 III.
192 3970 293 4029 Ucber
305 3972 363 4028 den
375 3974 535 4050 Ursprung
547 3975 606 4032 und
617 3975 665 4032 die
678 3976 752 4033 Aul·

124 4074 282 4133 libliothek
299 4076 353 4133 des
365 4077 638 4136 Clementinischen
654 4079 753 4138 Colle-

126 4198 166 4254 ag
183 4200 243 4236 von
261 4181 399 4257 Leopold
414 4181 481 4257 Joh.
495 4181 654 4253 Schernik‚
668 4185 753 4241 welt-

124 4296 189 4340 tter.
212 4280 241 4361 (i.
260 4303 286 4340 e.
308 4285 355 4341 De
377 4288 493 4361 origine
510 4301 540 4343 et
556 4288 753 4345 adornatione

124 4414 126 4441 ι
147 4388 269 4463 collegii
287 4389 464 4447 Clementini
480 4388 621 4470 Pragae.)
644 4394 700 4450 Ms.
726 4395 754 4450 iu

124 4496 137 4549 i.
160 4508 206 4566 14.
223 4494 280 4549 Nu.
298 4494 350 4551 III.
369 4513 398 4571 p.
416 4495 554 4567 41-61.

124 4616 147 4671 I.
172 4615 218 4672 De
234 4618 351 4690 origine
368 4630 398 4673 et
414 4616 482 4673 latis
498 4616 701 4676 bibliothecae
717 4618 755 4676 ad

124 4721 243 4777 Brunae
260 4739 400 4777 unacum
417 4723 559 4797 catalogo
577 4736 635 4781 tarn
652 4744 755 4782 manu·

124 4824 257 4882 codicum
274 4845 363 4901 quam
384 4828 600 4902 impressorum
622 4828 756 4887 eiusdem

124 4972 135 4998 ,‚
152 4947 248 5006 opera
263 4944 294 4987 et
309 4931 410 4987 studio
424 4933 455 4988 P.
466 4933 574 4990 Alexii.
591 4934 647 4990 Ms.
661 4936 691 4990 in
704 4933 755 4991 Iol.

124 5074 140 5089 ,.
159 5047 197 5105 ²3
217 5047 291 5090 tem.

124 5140 293 5213 ousignatio
306 5138 451 5197 librorum
464 5155 524 5197 tam
536 5143 757 5218 manuscripto·

129 5243 344 5318 impressorum
373 5247 402 5301 in
430 5248 628 5319 registratura
655 5248 758 5321 regiae

124 5349 242 5404 unensis
257 5347 497 5405 adservatorum.
522 5350 578 5405 Ms.
597 5347 654 5407 sub
667 5348 705 5406 Η.
720 5369 758 5407 m.

128 5450 209 5526 plag.

911 695 991 751 XLI.
1015 695 1215 770 Antiquarum
1235 693 1487 753 bibliothecarum
1508 694 1537 752 in
1554 697 1656 752 Mora-

824 800 874 856 via
889 800 1022 857 cultores
1039 814 1069 857 et
1085 799 1270 857 fundatores.
1292 801 1348 857 Ms.
1366 803 1394 856 in
1411 799 1463 857 iol.
1484 799 1542 858 sub
1559 800 1597 857 H.
1616 820 1654 857 m.

846 919 886 960 .1
929 904 987 960 la.

823 919 843 982 4
907 923 1004 1064 lXLgII.
1021 1006 1255 1065 Vocabularium
1271 967 1426 1084 antiquum
1443 1008 1655 1067 Latino-Teu·

823 1097 1134 1170 tomen-Bohemicum
1147 1126 1264 1169 erutum
1278 1132 1315 1169 ex
1327 1114 1394 1170 cod.
1411 1115 1467 1170 Ms.
1479 1132 1561 1170 saec.
1572 1113 1654 1171 XIV.

822 1214 1026 1274 bibliothecae
1042 1217 1192 1274 ecclesiae
1207 1217 1391 1293 parochialis
1413 1217 1451 1274 ad
1468 1237 1492 1274 s.
1510 1216 1654 1276 Iacobum

823 1322 941 1379 Brunae
959 1322 1165 1394 „Katholikon
1178 1325 1336 1397 magnum“
1352 1322 1512 1380 intitulato.
1529 1324 1585 1380 Ms.
1599 1321 1656 1380 sub

824 1426 862 1482 H.
880 1445 917 1482 m.
936 1441 964 1500 7.
981 1426 1070 1483 Fasc.
1088 1429 1117 1483 ln
1134 1426 1185 1484 iol.
1203 1425 1222 1483 ὁ
1239 1427 1321 1503 plag.

910 1531 1020 1588 XLIII.
1048 1528 1282 1588 vocabularium
1310 1532 1657 1590 Latino-'leutonicum

824 1646 931 1692 autore
951 1653 1101 1711 anonymo
1124 1654 1204 1694 saec.
1221 1636 1301 1693 XIV.
1319 1637 1503 1713 descriptum
1527 1657 1564 1694 ex
1588 1637 1657 1695 cod.

825 1757 880 1796 ms.
901 1737 1106 1797 bibliothecae
1128 1740 1356 1815 Raigradiensis
1378 1759 1396 1797 a
1421 1743 1452 1798 P.
1469 1740 1578 1798 Alexio
1595 1741 1659 1798 Ha·

825 1841 911 1900 brich
924 1856 1062 1920 tempore
1074 1844 1252 1903 infirmitatis
1264 1846 1344 1921 stylo
1358 1845 1457 1903 ferreo
1469 1864 1548 1904 anno
1566 1844 1658 1920 1788.

826 1947 915 2005 Item:
942 1947 1023 2005 aliud
1050 1947 1276 2005 vocabularium
1303 1949 1657 2019 Latino-Teutonicum,

825 2052 1031 2127 —quaedam
1048 2051 1087 2109 ad
1106 2053 1288 2127 glossarium
1301 2054 1505 2111 Bohemicum.
1523 2055 1611 2113 Fasc.
1629 2057 1659 2112 in

826 2154 877 2212 sol.
895 2155 952 2213 sub
968 2156 1006 2213 H.
1024 2176 1062 2212 m.
1080 2155 1109 2214 8.
1126 2171 1143 2229 3
1162 2157 1243 2234 plag.

912 2258 1020 2319 XLIV.
1042 2260 1253 2318 Calendarium
1269 2274 1455 2338 assumptum
1477 2281 1513 2319 ex
1534 2265 1660 2339 antiquo

826 2361 979 2420 breviario
1002 2362 1194 2421 benedictino
1218 2384 1273 2422 ms.
1297 2365 1334 2422 de
1357 2383 1437 2422 anno
1463 2380 1541 2440 1342
1565 2369 1593 2423 ln
1614 2366 1661 2425 bi·

827 2466 981 2524 bliotheca
1006 2469 1108 2543 Raigr.
1132 2469 1305 2526 adservato
1333 2471 1390 2528 Ms.
1418 2468 1476 2527 sub
1503 2470 1540 2527 H.
1566 2490 1603 2528 m.
1629 2488 1660 2545 9.

829 2571 847 2628 8
864 2572 946 2649 plag.
964 2571 1060 2629 insol.

915 2677 1008 2734 XLV.
1036 2677 1225 2751 Allgerneine
1251 2677 1465 2754 Grundregeln
1494 2679 1549 2736 der
1574 2681 1661 2737 Frei-

830 2800 956 2849 maurer,
978 2779 1134 2856 angelegt
1155 2781 1209 2838 auf
1221 2781 1410 2858 Anordnung
1425 2782 1479 2839 der
1494 2784 1662 2858 gerechten

829 2886 887 2943 und
899 2885 1141 2942 rollkommenen
1157 2885 1364 2943 schottischen
1377 2887 1466 2962 Loge
1478 2907 1514 2943 zu
1526 2887 1584 2944 den
1596 2887 1661 2946 drei

829 2991 999 3067 gekronten
1015 2989 1145 3047 Sternen
1162 2992 1200 3047 im
1215 2991 1307 3067 Jahre
1327 3005 1417 3066 1774.
1435 2988 1465 3071 (i.
1480 3011 1507 3049 e.
1520 2992 1662 3067 -Regulae

830 3095 1017 3153 universales
1026 3097 1182 3152 societatis
1195 3094 1355 3162 inferioris,
1365 3095 1555 3153 editaeiussu
1564 3099 1662 3154 iustae

830 3213 861 3258 et
883 3199 1038 3276 perlectae
1062 3198 1231 3256 sodalitatis
1259 3201 1394 3257 scoticae
1419 3201 1596 3258 latomorum
1624 3203 1663 3259 ad

831 3318 894 3362 tres
917 3305 1019 3361 stellas
1045 3301 1230 3382 coronatas.)
1256 3305 1313 3360 Ms.
1337 3304 1376 3361 de
1398 3323 1478 3362 anno
1504 3319 1584 3379 1744
1604 3306 1664 3365 sub

832 3410 869 3466 H.
887 3429 925 3466 m.
946 3424 993 3466 12.
1011 3415 1053 3481 4⁰.
1071 3423 1088 3481 3
1108 3407 1189 3485 plag.

918 3513 1027 3570 XLVI.
1053 3511 1191 3569 Rhabani
1212 3513 1310 3568 lllauri
1333 3513 1457 3588 glossae
1481 3532 1573 3590 super
1597 3527 1664 3572 toto

833 3618 979 3696 psalterio
1003 3614 1058 3697 (sic
1069 3613 1087 3696 l)
1114 3630 1289 3693 excerptum
1318 3637 1396 3694 opus
1419 3638 1456 3675 ex
1479 3617 1665 3676 bibliotheca

833 3722 980 3779 ecclesiae
996 3720 1179 3798 parochialis
1199 3721 1237 3777 ad
1253 3741 1277 3778 s.
1296 3720 1441 3778 Iacobum
1450 3723 1584 3778 'Brunae
1606 3723 1664 3779 Ms.

832 3824 889 3883 sub
905 3826 944 3882 H.
961 3845 999 3882 m.
1020 3840 1067 3898 14.
1085 3826 1172 3882 Fasc.
1190 3843 1269 3901 mag.
1286 3826 1315 3881 in
1332 3825 1384 3882 sol.
1400 3827 1464 3882 sine
1480 3843 1551 3901 pag.

919 3959 1057 4042 Quibus
1074 3961 1253 4023 texendae
1265 3959 1369 4023 seriei
1383 3980 1530 4042 operum
1542 3961 1664 4024 Alexii

832 4083 993 4146 Habrich
1000 4081 1276 4166 Raigradiensis
1289 4081 1481 4164 imponitur
1489 4081 1578 4144 finis.
1588 4082 1665 4145 Ma-

833 4205 1024 4289 nuscriptis
1041 4206 1127 4287 eius,
1146 4225 1236 4286 quae
1248 4204 1432 4268 historiam
1448 4204 1665 4268 ecclesiasti-

834 4350 912 4394 cam
935 4339 971 4392 et
996 4327 1272 4411 topographiam
1293 4326 1477 4389 Moraviae
1500 4326 1665 4409 attinent,

834 4453 967 4537 optime
976 4471 1062 4515 usus
1072 4458 1258 4514 estnoster
1267 4451 1328 4512 Dr.
1340 4447 1665 4532 GregoriusVolny

835 4577 870 4639 in
886 4575 959 4639 suis
976 4573 1144 4656 operibus
1166 4572 1264 4654 typis
1280 4571 1446 4653 vulgatis,
1468 4572 1513 4634 de
1534 4571 1665 4653 quibus

835 4697 960 4761 videas
977 4706 1013 4758 et
1029 4694 1198 4777 inspicias
1213 4694 1318 4756 huius
1333 4693 1593 4776 biographiam.

922 4828 1091 4902 Hacker
1125 4836 1366 4921 Leopoldus
1405 4834 1667 4918 (Gottvicen

837 4957 922 5041 sis),
947 4954 1106 5020 Gottvici
1130 4954 1188 5018 die
1216 4961 1263 5018 13.
1281 4954 1369 5036 Apr.
1399 4956 1478 5032 184³
1503 4962 1608 5016 natus
1632 4962 1668 5016 et

837 5079 1011 5145 absolutis
1038 5076 1166 5141 studiis
1192 5074 1474 5162 gymnasialibus
1506 5075 1542 5137 iu
1573 5074 1667 5138 dicto

838 5199 1053 5265 monasterio
1071 5208 1107 5263 et
1119 5198 1266 5263 Cremsii
1279 5219 1307 5263 s.
1319 5197 1444 5261 habitu
1457 5197 1601 5260 indutus
1613 5208 1670 5260 est

839 5325 897 5389 die
925 5345 973 5401 14.
995 5322 1096 5404 Sept.
1122 5325 1212 5404 1862,
1236 5330 1322 5385 vota
1344 5319 1529 5383 sollemnia
1552 5318 1670 5381 emisit

841 5447 897 5511 die
919 5452 965 5508 10.
982 5446 1069 5509 Dec.
1092 5449 1171 5508 1866
1193 5455 1230 5508 et
1250 5444 1401 5526 primum
1417 5442 1546 5506 missae
1563 5440 1671 5502 sacri·
