4034 6262
888 448 1144 535 *4⁶-

147 659 221 711 tum
233 645 464 712 benedicitur.
490 645 659 730 Sequitur
671 667 763 710 anno
780 652 859 727 1773
873 667 975 730 prae-

147 769 311 834 cedentia
327 769 397 832 duo
413 770 535 852 legata
546 771 703 833 notabile
716 770 800 833 illud
817 772 975 853 legatum

146 892 273 956 nobilis
288 892 432 956 herulae
444 891 672 954 Elisabethae
690 893 734 954 de
748 891 975 957 Schwalben·

144 1016 228 1097 feld,
250 1034 320 1098 quo
342 1014 493 1077 ecclesia
512 1014 786 1098 Raigradiensis
808 1034 925 1077 21.ooo
940 1013 973 1077 fl.

146 1138 295 1220 accepit,
313 1137 510 1217 eodemque
527 1155 620 1199 anno
632 1146 749 1199 rector
764 1136 903 1218 collegii
919 1156 975 1200 so·

146 1259 287 1325 cietatis
310 1261 392 1322 Iesu
415 1257 610 1321 Brunensis
633 1257 776 1321 ultimus
800 1258 975 1321 Martinus

145 1384 254 1447 Raab
263 1381 430 1464 posteius
439 1381 572 1444 ordinis
581 1380 869 1462 subpressionem
878 1381 974 1462 apud

146 1526 211 1569 nos
222 1504 379 1586 hospitio
392 1503 578 1585 excipitur.
606 1522 684 1582 1777
700 1502 899 1566 incendium
912 1523 974 1585 pa·

146 1648 230 1711 gum
247 1636 405 1689 nostrum
421 1625 631 1708 Rybesovic
647 1634 760 1688 totum
782 1625 817 1687 ih
838 1626 975 1688 cineres

145 1750 262 1830 vertit,
283 1747 446 1830 sequenti
466 1747 618 1810 ecclesia
640 1747 674 1809 in
697 1745 847 1830 Syrovic
869 1747 975 1830 erigi·

146 1883 215 1953 tur,
243 1876 322 1951 1776
347 1870 484 1951 capella
508 1889 534 1933 0.
557 1869 685 1932 Annae
710 1869 743 1931 in
768 1889 864 1953 pago
887 1869 974 1932 1110-

145 1996 243 2077 boky
253 2001 436 2056 exstructa
448 2011 489 2054 ac
499 1990 688 2054 benedicta
697 1991 975 2073 frequentationi

145 2116 310 2198 publicae
334 2114 502 2195 aperitur,
534 2133 611 2193 1777
637 2114 798 2195 superior
821 2113 975 2176 ambitus

145 2238 384 2321 praelaturam
406 2235 496 2298 inter
516 2245 552 2298 et
572 2245 786 2298 conventum
810 2233 975 2297 aedifica-

146 2370 212 2440 tur,
233 2358 414 2421 archivum
435 2376 564 2420 novum
584 2357 764 2438 inceptum
784 2355 974 2437 perficitur,

1055 657 1139 730 tum,
1164 649 1263 713 cuius
1281 648 1395 713 fomes
1419 650 1560 715 exsistit
1580 655 1658 732 1784
1673 654 1840 736 neglectae

1054 771 1261 852 praeposito
1285 771 1411 853 petitio
1435 772 1654 854 clericorum,
1678 773 1735 856 qui
1753 775 1781 836 vi
1798 778 1839 841 de·

1055 891 1142 955 creti
1152 893 1310 957 caesarei
1322 895 1369 957 ad
1380 896 1520 977 lyceum
1533 894 1625 958 mitti
1635 894 1758 959 frustra
1767 916 1840 980 roga·

1053 1015 1151 1078 bant.
1183 1013 1294 1079 Simul
1319 1017 1546 1100 erogationes
1574 1016 1732 1081 insolitae
1758 1037 1840 1101 aeque

1055 1158 1097 1201 ac
1125 1158 1229 1202 casus
1256 1140 1398 1203 adversi
1424 1140 1459 1202 in
1482 1150 1602 1204 tantas
1628 1139 1680 1202 rei
1698 1139 1841 1204 familiaris

1055 1260 1240 1343 angustias
1252 1261 1490 1344 Raigradium
1503 1262 1734 1343 adduxerunt,
1744 1273 1776 1326 ut
1784 1282 1840 1327 coe·

1055 1382 1198 1445 nobium
1210 1394 1366 1447 nostrum
1376 1384 1482 1447 saluti
1491 1383 1840 1465 desperarevideretur.

1054 1502 1107 1565 En
1123 1504 1226 1567 huius
1240 1505 1465 1568 documenta!
1487 1504 1650 1569 Solutum
1665 1504 1775 1588 ingens
1783 1524 1841 1587 pre·

1054 1624 1140 1687 tium
1172 1627 1313 1689 nomine
1343 1635 1451 1690 taxae
1482 1624 1750 1690 confirmationis
1773 1645 1840 1689 0000

1059 1750 1134 1826 1781
1152 1747 1336 1829 excipiunt
1347 1748 1613 1810 commissiones
1625 1748 1676 1811 sic
1689 1748 1787 1811 dictae
1801 1766 1841 1809 ca·

1054 1870 1229 1950 tastrales,
1260 1871 1357 1950 apud
1384 1889 1449 1933 nos
1476 1889 1542 1951 per
1566 1870 1709 1952 longum
1736 1880 1841 1950 tempus

1054 1991 1255 2073 nostrisque
1277 1991 1478 2072 sumptibus
1497 1992 1709 2074 habitantes,
1730 2009 1841 2073 quarum

1055 2112 1295 2176 decisionibus
1318 2133 1483 2197 magnam
1505 2114 1676 2178 iacturam
1696 2114 1841 2195 soliagro

1054 2255 1201 2316 rumque
1240 2235 1402 2299 fecimus.
1446 2236 1480 2298 V
1482 2237 1659 2299 enduntur
1696 2251 1842 2317 cauponae

1056 2355 1364 2421 Ostrovacicensis
1385 2368 1421 2422 et
1435 2358 1724 2421 Domasoviensis
1745 2357 1782 2420 ad
1797 2353 1842 2416 eri·

146 2492 292 2564 totaque
310 2479 462 2543 ecclesia
474 2488 694 2542 restauratur
705 2478 974 2559 monasterialis,
1055 2482 1210 2562 gendam
1234 2481 1467 2562 capellaniam
1487 2479 1709 2554 Domasovii5
1732 2477 1842 2561 piscina

145 2605 181 2668 in
189 2624 269 2686 qua,
280 2622 358 2665 curn
367 2600 569 2664 novissimis
578 2601 705 2663 diebus
713 2601 905 2664 oratorium
918 2620 975 2664 su·
1054 2601 1207 2664 Donava
1222 2612 1360 2680 vocata,
1378 2611 1540 2664 cassatur
1555 2601 1591 2664 in
1607 2602 1747 2684 eiusque
1759 2601 1842 2663 10000

145 2747 210 2809 per
222 2724 418 2788 sacristiam
427 2720 653 2787 aedificatum
666 2733 771 2804 esset,
784 2723 860 2786 sine
870 2723 975 2787 inter·

145 2848 310 2930 ruptione
323 2846 450 2908 chorus
467 2846 748 2926 persolvebatur.
771 2845 877 2907 Anno
895 2849 976 2924 1780

145 2971 333 3033 traduntur
355 2966 458 3029 nobis
486 2966 703 3029 sollemniter
725 2986 796 3047 qua
824 2976 975 3047 patrono

144 3092 269 3155 literae
283 3088 502 3152 fundationis
517 3085 680 3151 beneficii
692 3088 804 3151 curati
821 3088 854 3151 10
867 3087 975 3171 Syro·

145 3215 202 3277 1110
209 3264 217 3296 ,
239 3213 358 3294 ibique
377 3210 417 3272 P.
435 3208 636 3274 Sarcander
652 3208 823 3272 Globisch
843 3210 976 3291 primus

147 3334 394 3400 denominatus
426 3340 580 3412 curatus,
611 3331 716 3394 sicuti
743 3331 975 3413 quadriennio

145 3468 228 3523 ante
240 3458 281 3520 P.
293 3456 446 3519 1000000
459 3452 614 3534 Zvolsky
629 3452 764 3534 primus
776 3472 841 3534 pro
860 3473 975 3515 resus-

145 3580 254 3643 citata
278 3588 361 3659 post
385 3594 557 3639 annorum
583 3578 641 3636 100
663 3574 818 3655 spatium
839 3575 975 3637 curatia

144 3698 429 3766 Domasoviensi.
450 3697 545 3760 Loco
557 3705 754 3759 statuarum
771 3696 806 3758 10
818 3696 975 3759 turribus

145 3823 318 3887 ecclesiae
331 3839 455 3884 cruces
467 3819 705 3899 imponuntur,
718 3827 755 3880 et
771 3821 846 3897 1781
864 3819 974 3881 sacel-

143 3947 225 4026 lum,
238 3943 455 4007 bibliotheca
466 3940 502 4002 in
515 3941 719 4021 praelatura
731 3939 878 4021 eiusque
891 3959 974 4021 pars

143 4087 269 4131 versus
292 4066 422 4129 molam
442 4062 571 4144 partim
592 4071 820 4142 restauratur,
845 4063 974 4143 partim

145 4192 189 4253 de
205 4210 299 4253 novo
315 4185 532 4251 aedificatur.
561 4183 622 4246 Ad
642 4181 747 4245 finem
768 4183 871 4247 huius
891 4185 974 4247 anni

149 4318 195 4376 13.
210 4312 289 4376 Oct.
304 4310 460 4374 edictum
477 4304 687 4369 tolerantiae
703 4305 922 4369 Moravicum
939 4306 974 4371 in

145 4434 324 4515 publicum
345 4429 487 4514 prodiit,
511 4427 547 4490 vi
572 4426 672 4489 cuius
696 4446 761 4508 per
786 4427 973 4492 decursum

145 4555 285 4618 triennii
296 4552 590 4617 monasteriorum
604 4558 640 4610 et
652 4549 886 4613 claustrorum
901 4572 973 4615 ma·

146 4667 241 4730 xima
276 4687 359 4748 pars
391 4666 524 4729 abolita
559 4680 628 4746 est;
668 4682 854 4735 cassantur
890 4673 974 4737 item

147 4807 267 4851 omnes
291 4789 536 4870 exemptiones
561 4792 722 4855 ordinum
750 4794 895 4857 decreto
919 4795 974 4858 Io·

148 4909 248 4989 sephi
260 4909 304 4989 ΙΙ,
320 4911 400 4972 11100
417 4922 453 4975 01
465 4914 594 4976 0001110
607 4914 798 4998 Raigradii
811 4924 974 4996 tempora

148 5028 301 5091 infausta
311 5030 528 5111 inchoantur,
539 5036 681 5098 domum
691 5046 973 5100 tamennostram

148 5148 317 5230 singulari
333 5171 361 5214 c.
374 5173 399 5214 r.
413 5155 515 5217 aulae
531 5157 769 5221 munificentia
786 5178 974 5221 conserva-

149 5277 221 5329 tam
234 5270 402 5335 videmus.
419 5274 580 5338 Fratrum
593 5298 710 5341 010010
723 5279 912 5342 deficiente
925 5280 975 5341 in-

151 5386 285 5466 cipiunt
297 5389 394 5453 rixae
407 5397 647 5474 praepositum
664 5399 755 5462 inter
771 5410 807 5462 et
824 5419 975 5462 conven-

1055 2742 1169 2785 novus
1181 2743 1299 2805 pagus
1308 2721 1576 2788 Othmarovium
1587 2725 1634 2786 ad
1643 2743 1761 2787 nomen
1770 2736 1843 2802 prae

1055 2844 1162 2925 positi
1192 2844 1308 2908 dictus
1335 2845 1507 2910 conditur.
1542 2844 1713 2909 Crescunt
1736 2846 1843 2909 timores

1060 2970 1139 3046 1784
1151 2968 1197 3028 ob
1206 2968 1399 3048 subpressa
1411 2968 1782 3050 praecipuaMoraviae
1792 2980 1843 3026 00·

1055 3088 1221 3170 nasteria‚
1238 3089 1289 3151 uti
1303 3084 1843 3170 2010000100000,1000000610·

1056 3210 1216 3291 dicense,
1242 3210 1532 3294 Velegradiense.
1565 3211 1767 3275 Residentia
1787 3207 1842 3286 Ry-

1055 3332 1296 3394 besovicensis
1315 3332 1459 3394 fulmine
1481 3332 1552 3395 icta
1572 3342 1649 3396 1010
1671 3330 1841 3412 conflagrat

1055 3453 1221 3534 incipitur
1245 3473 1291 3516 ex
1315 3456 1483 3516 mandato
1510 3473 1679 3518 caesareo
1701 3454 1753 3517 via
1771 3449 1842 3530 regia

1054 3574 1176 3637 Β1000
1190 3596 1315 3638 versus
1332 3575 1538 3639 Bohemiam
1559 3596 1625 3658 per
1641 3555 1842 3659 Nigrofanu

1054 3708 1091 3759 et
1114 3697 1195 3759 inde
1219 3717 1350 3780 magna
1372 3697 1476 3759 nobis
1499 3698 1648 3761 veniunt
1671 3696 1842 3761 detrimenta

1055 3817 1090 3879 in
1114 3818 1212 3881 silvis
1237 3828 1272 3882 et
1296 3819 1402 3902 agris,
1437 3810 1841 3904 00110000101111780111·

1055 3941 1152 4002 curia
1168 3942 1310 4003 scholae
1331 3942 1479 4004 rectoris
1496 3936 1671 4024 magnum
1682 3933 1842 4004 incendium

1054 4058 1218 4125 undecim
1231 4065 1354 4126 domos
1366 4084 1437 4126 una
1453 4084 1533 4127 cum
1549 4065 1684 4128 horreis
1696 4068 1842 4130 consump

1054 4183 1110 4265 sit,
1127 4185 1246 4266 ibique
1261 4184 1359 4247 fures
1379 4186 1544 4269 sacrilegi
1561 4186 1730 4249 ciborium
1743 4191 1773 4245 et
1784 4167 1843 4238 cali·

1054 4326 1131 4370 cem
1162 4327 1207 4369 ex
1238 4307 1393 4369 sacrario
1428 4307 1582 4388 rapiunt.
1625 4307 1753 4371 Eodem
1778 4305 1844 4363 anss⁰

1054 4439 1202 4511 propter
1220 4430 1411 4492 instantem
1434 4429 1617 4493 servitutis
1639 4418 1845 4510 (nomineRr

1054 4552 1128 4631 bot)
1154 4551 1381 4614 abolitionem
1403 4550 1437 4613 10
1455 4551 1638 4633 proprium
1662 4543 1847 4616 commodum

1053 4673 1137 4735 villa
1158 4675 1233 4756 (seu
1249 4673 1369 4754 curtis)
1390 4674 1606 4737 monasterio
1626 4675 1741 4739 vicina
1758 4654 1848 4735 aedifi·

1054 4805 1163 4876 catur,
1189 4796 1281 4858 01010
1304 4815 1390 4857 vero
1414 4796 1475 4857 vix
1496 4795 1688 4859 aedificata
1713 4816 1776 4859 000
1795 4796 1849 4853 0011

1053 4919 1146 4979 10010
1165 4917 1324 4978 00001100
1344 4916 1417 4979 1010
1434 4918 1703 4999 emphyteutico
1719 4937 1792 4980 cum
1803 4928 1853 4975 rna·

1053 5058 1125 5120 gno
1153 5049 1273 5100 nostro
1303 5039 1430 5100 damno
1457 5039 1633 5102 venditur.
1667 5040 1771 5102 Anno
1800 5039 1855 5115 1787

1053 5159 1174 5222 0011010
1201 5158 1351 5221 trivialis
1377 5159 1531 5237 erigitur.
1562 5160 1598 5222 A
1622 5181 1746 5224 mense
1770 5159 1866 5244 Aprili

1053 5281 1157 5343 huius
1182 5281 1264 5342 anni
1287 5281 1337 5343 sic
1359 5281 1492 5343 dictum
1515 5282 1760 5364 „Pauschale“
1783 5283 1872 5346 solvi·

1054 5411 1111 5465 tur
1135 5412 1171 5463 et
1190 5403 1284 5463 bona
1305 5412 1425 5463 nostra
1446 5403 1592 5465 decreto
1615 5406 1777 5468 caesaris
1793 5407 1880 5470 velut
