4088 6270
675 514 956 583 „203-

139 703 310 778 mpufnp
324 705 480 778 Μήνῃ,
497 705 515 762 i.
529 721 556 760 e.
572 703 775 778 Paedagogus

141 805 336 864 Neo-armen.
357 807 507 876 Viennae,
529 809 609 884 typis
632 807 774 864 Mechith.

139 1015 197 1068 m
205 1018 331 1089 hstkau,
349 1017 367 1073 i.
380 1034 407 1072 e.
420 1014 453 1073 S.
466 1017 577 1073 Nerses
590 1017 717 1090 Magnus
729 1011 773 1093 (Ι).

139 1142 144 1177 ι
155 1121 349 1198 patriarchae
358 1117 461 1199 (secui.
471 1118 534 1199 IV.)
544 1123 669 1196 eiusque
681 1137 772 1176 cona-

142 1224 324 1282 olumentum
348 1226 440 1281 totius
464 1226 592 1281 nationis
613 1223 773 1281 Armenae.

139 1331 260 1399 itunae,
277 1332 357 1407 typis
373 1329 514 1387 Mechith.
536 1327 627 1403 1856.

139 1451 318 1528 linteum
333 1452 467 1528 ll'·¹’¹··²l
483 1453 581 1528 etih
595 1453 707 1530 tenen
720 1454 774 1509 te.

139 1574 172 1613 ae
180 1555 322 1631 Manughi
331 1557 475 1613 Mirzaian
487 1558 632 1632 principis
642 1557 774 1613 Armeni.

139 1661 261 1730 'iennae,
279 1662 358 1737 typis
373 1660 515 1718 Mechith.
538 1660 627 1735 1856.

139 1781 347 1859 lupum
363 1784 492 1861 ⁴tw1n
503 1785 621 1860 ttrmb.
643 1786 662 1841 i.
679 1803 705 1841 e.
727 1785 775 1840 ln-

139 1888 205 1963 ling.
224 1887 350 1946 Gallica.
367 1890 521 1946 Neo-arm.
538 1890 682 1956 Viennae,
697 1892 776 1966 typis

139 1989 199 2065 156.

139 2095 775 2175 „dfflpnpmwpnnhppseg

139 2218 154 2256 a
173 2200 318 2257 historiae
339 2203 464 2257 rationis
488 2201 586 2258 civilis
609 2197 776 2280 (politicae)

139 2304 288 2380 Europae.
317 2306 471 2362 Neo-arm.
500 2321 520 2378 4
543 2305 603 2362 vol.
631 2307 775 2374 Viennae,

142 2409 183 2465 th.
207 2407 383 2484 1856-59.

139 2516 251 2593 „210st
267 2514 309 2587 ΙΙ.
325 2514 434 2589 (werp,
457 2516 475 2572 i.
493 2533 519 2571 e.
541 2514 648 2571 Flores
669 2532 776 2571 sacrae

153 2620 220 2675 sive
243 2618 428 2692 Anthologia
451 2617 576 2687 biblica,
601 2638 666 2675 cum
691 2617 775 2675 brevi

139 2748 152 2779 1.
169 2723 314 2791 Viennae,
331 2725 412 2797 typis
427 2722 569 2779 Mechith.
592 2720 681 2794 1863.

139 2844 308 2925 μςωὶᾞ
327 2869 432 2921 fun.
446 2845 568 2920 ιιῑηιῤ,
591 2845 610 2901 i.
632 2862 658 2900 e.
680 2844 776 2900 Exer-

139 2948 271 3006 1cendam
298 2948 382 3006 brevi
406 2962 543 3025 tempore
563 2963 593 3005 et
615 2948 692 3004 lacili
713 2967 775 3005 me-

139 3072 181 3110 am
195 3052 352 3111 Gallicam.
369 3055 523 3110 Neo-arm.
536 3053 679 3121 Viennae,
693 3055 774 3128 typis

139 3162 142 3209 l
171 3172 197 3214 1.

139 3170 209 3342 ,78118
219 3261 393 3336 namuh,
406 3263 425 3317 i.
436 3279 462 3317 e.
479 3260 647 3336 „Antiquos
657 3261 771 3317 Deus“.

139 3384 220 3443 pere
232 3366 335 3422 Germ.
349 3365 481 3423 Conradi
493 3365 647 3422 Bolanden
661 3362 772 3443 (titulo:

139 3467 193 3548 itt).
210 3471 364 3527 Neo-arm.
383 3471 526 3538 Viennae,
540 3472 619 3546 typis
631 3470 772 3526 Mechith.

139 3741 254 3815 mian
286 3751 457 3813 Paulus
490 3750 772 3833 (Mechithari-

139 3868 375 3952 stantinopoli
402 3871 459 3932 die
491 3891 538 3934 12.
563 3869 662 3952 Sept.
691 3874 769 3933 1802

139 4010 230 4055 nnae
245 3992 280 4054 in
294 3992 441 4055 Austria
457 3993 514 4055 die
528 3993 673 4058 21.Dec.
692 3997 769 4072 1817

146 4113 307 4194 indutuS,
335 4114 392 4177 die
421 4118 450 4177 6.
474 4114 548 4178 Iun.
581 4119 661 4194 1819
687 4124 773 4177 vota

138 4236 195 4299 die
214 4257 265 4314 24.
279 4234 357 4300 Oct.
376 4241 456 4314 1824
473 4245 700 4299 consecratus
717 4245 772 4299 est

139 4406 143 4421 .
167 4357 208 4420 In
230 4359 446 4421 monasterio
469 4359 588 4421 docuit
612 4379 675 4440 per
699 4368 771 4422 tres

139 4498 161 4561 r.
179 4479 352 4542 Latinam.
382 4479 462 4561 Ter,
489 4484 665 4562 1826-28,
691 4484 771 4560 1854

165 4604 341 4681 1867-80,
358 4601 641 4684 perfungebatur
656 4601 772 4665 officio

139 4722 211 4787 arii.
232 4724 339 4786 Anno
354 4728 433 4786 1828
446 4725 574 4786 missus
587 4733 642 4787 est
654 4724 688 4787 in
701 4725 772 4787 Bu-

139 4845 191 4907 1bi
203 4864 269 4925 per
284 4865 322 4907 10
334 4864 445 4907 annos
462 4846 602 4928 peregit
618 4845 771 4909 officium

140 4967 152 5030 i
167 4967 356 5049 apostolici
373 4977 409 5031 et
425 4968 720 5032 administratoris
736 4970 771 5032 in

139 5111 148 5152 t
178 5088 283 5151 locali
315 5089 413 5153 Arm.
447 5093 537 5154 cath.
567 5090 770 5156 Suczaviae.

139 5215 239 5289 1-54
260 5230 405 5293 operam
425 5215 582 5276 navabat
598 5213 770 5277 Constan-

138 5331 220 5395 ficio
230 5333 440 5396 missionarii
453 5333 647 5416 apostolici.
663 5334 770 5397 Anno

139 5475 218 5519 nam
235 5475 414 5540 reversus,
438 5477 551 5538 usque
574 5457 620 5519 ad
640 5476 770 5519 annum

860 703 936 763 1861
954 698 1108 763 officium
1115 699 1375 764 bibliothecarii
1387 701 1537 785 peregit.
1550 703 1686 778 Eodem

855 830 1015 903 tempore
1031 821 1097 885 fuit
1113 822 1352 886 confessarius
1368 824 1531 906 publicus
1547 825 1583 889 in
1598 826 1684 910 ling.

857 942 976 1007 Germ.
998 952 1034 1007 et
1050 943 1197 1008 Gallica.
1221 945 1328 1008 Anno
1353 950 1519 1026 18⁶1r⁶7
1543 948 1686 1012 deman·

855 1067 1006 1128 dabatur
1026 1066 1140 1128 eidem
1160 1067 1324 1150 Tergesti
1345 1089 1472 1131 munus
1492 1070 1685 1151 superioris

854 1187 889 1250 in
919 1188 1074 1270 hospitio
1108 1188 1184 1252 sive
1216 1189 1309 1252 domi
1341 1189 1686 1256 Mechitharistarum

855 1309 1028 1375 Viennen.
1045 1308 1183 1373 Ibidem
1195 1311 1229 1373 in
1244 1312 1431 1394 gymnasio
1443 1312 1611 1377 Mechith.
1625 1315 1686 1377 do·

856 1431 929 1495 cuit
944 1431 1028 1514 ling.
1045 1432 1155 1512 Arm,
1176 1431 1253 1494 Lat.
1275 1441 1312 1495 et
1334 1432 1463 1516 Germ,
1488 1455 1626 1499 necnon
1650 1436 1686 1498 in

820 1613 824 1619 .
855 1554 922 1616 hac
946 1553 1069 1615 ultima
1093 1552 1215 1636 lingua
1239 1554 1422 1618 scientiam
1449 1556 1684 1639 (statisticam)

855 1675 1117 1757 provinciarum
1140 1676 1277 1757 imperii
1302 1678 1482 1742 Austriaci
1506 1676 1686 1761 (Statistik

855 1816 926 1860 von
943 1796 1192 1880 Oesterreich).
1216 1801 1315 1862 Anno
1341 1804 1418 1879 1867
1437 1800 1612 1864 Viennam
1632 1821 1686 1864 re·

857 1938 980 1982 versus
1007 1915 1453 2019 exsequebatur'officium
1478 1923 1686 1987 confessarii

856 2041 999 2124 publici.
1024 2043 1130 2105 Anno
1155 2047 1235 2123 1874
1257 2044 1314 2106 die
1339 2065 1364 2109 1.
1380 2045 1470 2110 Nov.
1492 2046 1686 2113 celebravit

857 2165 1016 2228 sollemni
1040 2166 1230 2229 cerimonia
1253 2167 1443 2230 sacerdotii
1466 2168 1521 2231 sui
1544 2188 1571 2234 s.
1595 2169 1684 2231 iubi-

856 2288 982 2366 laeum.
1011 2288 1147 2350 Eodem
1171 2307 1265 2351 anno
1288 2288 1544 2352 illustrissimus
1570 2292 1684 2352 abbas

857 2428 937 2491 gen.
955 2418 991 2472 et
1007 2410 1296 2492 archiepiscopus
1317 2411 1477 2491 eundem,
1498 2410 1550 2474 uti
1570 2411 1685 2474 senio-

856 2551 929 2593 rem
946 2531 1253 2615 CongregationiS,
1269 2533 1496 2615 inauguravit
1512 2532 1615 2596 titulo
1631 2533 1683 2595 vi·

856 2653 941 2716 carii
957 2654 1143 2736 generalis
1167 2654 1274 2717 Anno
1296 2658 1374 2734 1876
1392 2654 1607 2737 dignabatur
1623 2675 1684 2718 ex-

856 2775 1125 2838 cellentissimus
1155 2795 1196 2837 ac
1227 2776 1543 2840 reverendissimus
1571 2777 1682 2839 archi-

855 2897 1045 2978 episcopus
1082 2897 1310 2979 Metropolita
1346 2897 1591 2980 Leopoliensis
1629 2899 1683 2963 rit.

855 3019 952 3083 Arm.
978 3021 1069 3083 dom.
1093 3016 1289 3101 Gregorius
1312 3019 1486 3101 Iosephus
1510 3020 1682 3083 Romasz·

853 3141 936 3221 kan,
953 3160 1033 3203 eum
1045 3160 1261 3204 assessorem
1274 3142 1472 3204 consistorii
1485 3142 1538 3204 sui
1552 3142 1684 3205 Metro·

853 3262 1001 3344 politani
1016 3264 1063 3325 ad
1078 3264 1230 3326 honores
1247 3264 1439 3328 nominare.

941 3403 1062 3485 Opera
1077 3404 1153 3466 eius
1169 3404 1266 3487 typis
1284 3404 1395 3466 edita:

938 3549 962 3604 1.
976 3545 1314 3629 latos-numa
1321 3548 1513 3623 1158511111
1527 3550 1545 3605 i.
1560 3567 1585 3605 θ·
1600 3547 1682 3604 Geo-

851 3654 979 3730 graphia
999 3653 1186 3719 universalis,
1210 3672 1277 3709 cum
1303 3668 1313 3708 1
1335 3652 1435 3710 tabula
1458 3648 1575 3730 (Karte)
1598 3651 1682 3707 orbis

851 3772 961 3815 terrae.
984 3759 1138 3815 Neo-arm.
1160 3758 1304 3826 Viennae,
1327 3760 1407 3833 typis
1427 3756 1568 3813 Mechith.
1589 3755 1680 3828 1835.

938 3879 976 3935 11.
992 3877 1191 3959 Qmssmbw
1206 3879 1514 3955 mumbfflpmpmb,
1533 3878 1551 3932 i.
1565 3894 1591 3932 e.
1610 3876 1681 3932 Dis·

851 3985 977 4040 sertatio
1004 3986 1209 4040 astronomica
1230 3983 1267 4039 de
1288 3985 1428 4048 cometis,
1453 4001 1519 4039 cum
1543 3981 1680 4055 imagini·

851 4087 916 4144 bus.
933 4088 1087 4143 Neo-arm.
1104 4086 1248 4155 Viennae,
1266 4088 1346 4163 typis
1363 4085 1503 4142 Mechith.
1526 4084 1616 4158 1841.

937 4209 988 4264 111.
1007 4208 1240 4288 «nmmum.
1254 4208 1472 4284 mprprpmpaa
1486 4209 1602 4283 unffi,
1620 4209 1638 4263 1.
1653 4224 1679 4262 e.

850 4314 985 4369 Historia
1005 4313 1201 4370 conciliorum
1222 4315 1486 4369 oecumenicorum
1507 4313 1536 4367 in
1553 4310 1679 4367 Oriente

851 4432 1097 4494 convocatorum.
1121 4412 1409 4474 Palaeo-armenice'.
1431 4416 1575 4485 Viennae,
1599 4415 1679 4490 typis

849 4522 991 4579 Mechith.
1014 4521 1103 4595 1847.

936 4627 987 4683 lv.
1002 4623 1157 4700 ιζμιιη..
1167 4624 1510 4700 effla-pappant,
1525 4625 1543 4681 i.
1557 4642 1583 4680 e.
1602 4623 1679 4695 ,Ars

852 4732 1064 4806 longaevitatis
1080 4727 1330 4808 (Macrobiotica),
1346 4730 1476 4787 scilicet:
1494 4730 1620 4785 scientia
1638 4729 1679 4784 vi·
1748 4757 1749 4761 ,

852 4850 910 4893 tam
926 4837 1083 4892 humanam
1101 4835 1201 4910 longe,
1214 4853 1287 4891 sane
1303 4848 1333 4891 et
1349 4833 1476 4891 feliciter
1487 4832 1625 4907 agendi.“
1636 4864 1679 4872 —

851 4940 897 4996 Ex
914 4941 1117 5015 manuscripto
1138 4941 1167 4994 in
1186 4939 1286 5014 lingua
1302 4937 1483 4994 Germanica
1502 4934 1541 4992 ab
1557 4935 1679 4992 Andrea

850 5046 1012 5120 Popowicz
1039 5043 1202 5100 medicinae
1229 5042 1371 5109 doctore,
1400 5043 1522 5098 natione
1544 5039 1678 5096 Armeno

851 5147 1046 5205 Suczaviensi
1070 5149 1243 5224 conscripto
1267 5144 1338 5224 (non
1364 5160 1463 5202 tamen
1484 5147 1564 5221 typis
1585 5139 1678 5220 edito)

850 5255 879 5308 in
899 5254 1130 5308 Neo-armenam
1153 5251 1283 5326 linguam
1309 5252 1338 5306 in
1361 5270 1447 5307 usum
1468 5249 1676 5315 Armenorum,

850 5376 886 5414 ex
898 5359 977 5413 votis
993 5359 1126 5413 auctoris
1142 5357 1245 5431 ipsius,
1263 5356 1417 5411 translata.
1435 5354 1514 5411 Edit.
1526 5353 1677 5409 Constan-

849 5461 985 5537 tinopoli,
1003 5462 1082 5537 typis
1098 5462 1180 5519 loan.
1198 5459 1405 5517 Mdhendisian
1426 5457 1515 5531 1850.

1418 5559 1471 5608 26·
