4034 6262
633 507 915 577 -1„-

124 706 234 751 ‚ussus
249 697 312 751 est.
337 685 410 752 Sed
426 688 488 751 vix
510 691 624 770 primo
640 709 733 753 anno
771 690 775 739 1
814 693 1111 774 cumburgensem
1137 692 1377 756 adscitus‘est
1407 694 1465 756 die
1490 698 1540 758 28.
1565 691 1645 757 Oct.

134 819 325 891 transacto,
345 811 437 873 hanc
458 810 655 874 litterarum
671 832 735 893 pa·

124 940 275 994 nnuente
298 932 429 994 abbate
457 953 536 996 cum
562 934 647 996 ludo
674 934 735 996 tri·

124 1051 254 1135 .utavit,
284 1051 480 1116 invincibili
507 1056 735 1137 parvulorum

126 1175 235 1237 uisus.
274 1174 388 1258 Igitur
418 1178 610 1257 parochiae
641 1178 735 1239 clau-

125 1309 195 1379 tus,
222 1298 334 1360 curati
354 1297 458 1360 simul
474 1309 510 1360 et
526 1299 734 1363 catechetae

124 1418 213 1500 :epit
241 1424 337 1500 1812,
362 1420 458 1501 quod
481 1439 547 1501 per
569 1439 634 1482 sex
657 1419 734 1483 fere

124 1561 135 1603 1
157 1541 315 1624 egregie,
338 1542 555 1604 adsalutem
579 1551 632 1606 tot
658 1542 734 1604 mil-

124 1682 178 1725 um
191 1662 407 1744 sustinuerit,
418 1683 522 1725 nemo
532 1683 602 1726 non
615 1675 734 1746 potest

139 1783 200 1866 qui
216 1786 328 1848 zelum
344 1785 448 1848 huius
463 1786 530 1849 viri
550 1787 585 1849 in
602 1786 734 1849 anima·

124 1907 279 1971 :ollatum
302 1908 451 1970 noverit.
474 1907 620 1971 Viribus
643 1908 735 1970 inter

124 2048 170 2092 es
179 2029 366 2091 continuos
374 2028 628 2093 fractis—fuit
640 2029 734 2092 enirn

141 2171 253 2215 annos
273 2152 465 2215 instructor
488 2173 631 2235 quoque
654 2173 734 2216 cae-

124 2274 263 2337 1stituto
280 2272 604 2355 Gumpendoriensi
624 2312 666 2320 —
687 2275 733 2337 ad

124 2395 358 2458 nortalitatem
372 2395 585 2477 demigravit
598 2417 626 2473 9.
644 2396 732 2477 Apr.

124 2517 253 2598 :ripsit:

124 2643 427 2700 tenlehr·Unterricht
447 2662 516 2699 vom
537 2642 733 2700 Sacramenta

124 2750 143 2805 i.
164 2766 191 2803 e.
216 2748 263 2803 De
286 2761 478 2804 sacramento
506 2746 732 2827 poenitentiae.)

124 2866 198 2928 trpt.
212 2866 252 2923 32
267 2871 306 2928 p.‚
324 2851 444 2909 adserv.
459 2855 487 2907 in
499 2850 636 2909 biblioth.
646 2852 731 2909 Scot.

124 3060 437 3119 rtenlehr·Unterricht
449 3078 517 3116 vom
531 3061 661 3135 heiligen
674 3060 730 3117 Sa·

124 3164 231 3222 Altars.
253 3163 282 3241 (i.
301 3184 327 3222 e.
351 3167 397 3221 De
419 3185 442 3221 S.
461 3166 660 3222 eucharistiae
682 3185 730 3222 sa-

124 3286 248 3346 tsupra.

124 3394 142 3432 e
168 3375 261 3431 kurze
286 3372 584 3449 Lebensgeschichte
608 3376 728 3443 Christi,

124 3499 157 3536 er
168 3479 306 3556 Apostel.
324 3476 353 3556 (i.
368 3499 393 3535 e.
408 3480 513 3536 Brevis
525 3483 605 3536 vitae
618 3481 728 3537 Christi

124 3584 303 3641 >ostolorum
333 3581 518 3662 descriptio.)
552 3599 561 3639 1
594 3586 653 3643 vol.
686 3584 728 3642 8⁰.

124 3687 224 3744 olioth.
242 3686 326 3744 Scot.
344 3686 463 3744 adserv.
481 3703 497 3760 5
502 3703 531 3760 3.
549 3709 578 3762 g.
601 3703 647 3747 10.

124 3792 308 3868 osophische
324 3793 535 3867 Vorlesungen
555 3793 632 3850 nach
652 3794 727 3850 Pro-

147 3893 176 3974 (i.
193 3915 219 3952 e.
236 3897 460 3953 Praelectiones
477 3897 728 3977 philosophicae.)

127 3999 145 4057 8
168 3999 219 4057 sol.
243 4002 369 4076 Mscrpt.
394 4001 513 4058 adserv.
537 4005 566 4058 in
588 4001 727 4061 biblioth.

124 4103 164 4163 16.

124 4228 356 4291 Edmundus
385 4228 591 4312 Iosephus
622 4229 728 4312 (Sco-

124 4357 193 4410 ttus
225 4359 280 4410 est
312 4348 346 4409 in
378 4347 562 4411 Moraviae
593 4350 727 4432 oppido

124 4472 210 4553 berg
230 4470 287 4532 die
312 4474 357 4532 18.
376 4470 480 4534 Mart.
507 4491 602 4552 1792,
626 4492 728 4555 gym-

137 4590 313 4656 Olomucii
329 4593 481 4656 colebat.
502 4592 607 4655 Unde
619 4593 727 4656 Vien-

124 4724 191 4795 tus,
215 4734 295 4777 curn
318 4715 451 4777 ibidem
474 4715 612 4797 litteriS,
637 4736 726 4797 quas

124 4837 310 4919 >sophicas,
318 4838 413 4900 haud
423 4837 556 4919 exigua
564 4858 643 4901 cum
652 4841 726 4901 lau-

124 5006 131 5039 ,
147 4977 176 5021 s.
188 4958 229 5022 P.
241 4959 430 5021 Benedicti
448 4971 565 5022 castra
581 4971 725 5024 secutus

124 5091 158 5145 :t.
180 5084 256 5142 1811
285 5101 388 5144 sacra
412 5081 545 5144 ordinis
564 5094 667 5144 veste
690 5082 725 5144 in

134 5201 176 5265 B.
205 5202 253 5266 M.
277 5203 321 5267 V.
342 5204 389 5265 ad
410 5201 538 5266 Scotos
561 5203 724 5266 Viennae

155 5323 334 5407 Egressus
356 5344 442 5387 vero
467 5345 512 5387 ex
535 5326 602 5387 hoc
626 5345 725 5388 asce-

124 5471 137 5510 1.
153 5445 258 5509 Mart.
281 5450 360 5525 1814
385 5447 420 5508 in
445 5447 629 5509 canoniam
650 5447 724 5509 Du·

814 812 974 876 eiusdem
983 814 1075 877 anni.
1085 814 1285 877 Invincibili
1294 812 1645 879 autemScotensium

774 914 777 1009 Ῑ
814 953 934 997 amore
957 936 1085 999 ductus
1108 955 1274 998 reversus
1298 936 1355 999 die
1380 940 1409 1001 8.
1426 935 1527 1019 Sept.
1552 941 1644 1019 1815,

815 1056 873 1118 die
894 1066 1067 1138 sequente
1087 1057 1248 1119 habiturn
1266 1057 1472 1139 religiosum
1494 1059 1573 1141 ipse
1593 1058 1645 1121 in-

815 1179 892 1242 duit
918 1179 1117 1242 astantibus
1145 1178 1285 1240 nonnisi
1314 1180 1452 1242 duobus
1474 1180 1645 1245 fratribus

814 1309 851 1363 et
867 1299 925 1362 die
945 1305 992 1364 15.
1006 1298 1105 1382 Sept.
1127 1305 1207 1363 1816
1223 1321 1289 1382 per
1305 1301 1489 1365 sollemnia
1504 1315 1588 1366 vota
1604 1323 1644 1367 se

815 1431 929 1485 totum
945 1422 1073 1486 obtulit
1089 1422 1179 1503 Deo,
1205 1432 1241 1486 et
1266 1422 1345 1504 ipso
1366 1422 1425 1485 die
1446 1423 1644 1487 nativitatis

814 1542 946 1606 domini
966 1553 1152 1626 neomysta
1173 1544 1324 1627 primurn
1347 1546 1393 1607 ad
1416 1565 1514 1608 aram
1534 1548 1644 1612 stetit.

813 1666 889 1728 Iarn
915 1665 997 1728 inde
1022 1668 1069 1727 ab
1092 1685 1135 1728 eo
1157 1675 1319 1748 ternpore
1341 1666 1442 1730 varia
1464 1667 1500 1731 in
1524 1688 1645 1731 mona-

814 1786 923 1850 sterio
939 1807 1084 1850 munera
1100 1787 1259 1869 suscepit
1275 1808 1390 1870 eaque
1403 1798 1549 1852 strenuo
1565 1810 1645 1873 per·

814 1907 899 1991 egit.
935 1908 1156 1972 Novitiorum
1188 1919 1224 1973 et
1254 1910 1493 1972 bibliothecae
1524 1930 1645 1975 curam

812 2030 952 2112 habuit,
983 2032 1231 2094 numothecam
1262 2030 1438 2113 disposuit
1469 2042 1506 2096 et
1536 2034 1644 2097 sacri-

814 2151 933 2234 stiam,
964 2172 1071 2233 quarn
1101 2164 1247 2235 vocant,
1278 2156 1501 2235 gubernavit.
1537 2156 1644 2219 Anno

812 2293 899 2337 vero
919 2277 999 2336 1818
1020 2294 1151 2357 pueros
1175 2276 1210 2338 in
1230 2276 1419 2358 gymnasio
1443 2278 1489 2339 ad
1513 2275 1644 2341 Scotos

812 2396 951 2459 litteras
981 2397 1235 2479 grammaticae
1266 2398 1395 2460 docere
1429 2398 1548 2462 iussus
1577 2419 1644 2481 per

813 2517 1000 2581 duodecim
1032 2537 1144 2581 annos
1180 2518 1364 2601 egregium
1391 2538 1430 2581 se
1462 2521 1644 2600 praestitit

812 2640 1030 2721 magistrum.
1054 2639 1217 2704 Iniuncto
1240 2641 1309 2722 ipsi
1335 2645 1415 2703 1826
1438 2643 1486 2704 ad
1505 2643 1645 2724 reliqua

811 2760 928 2824 officia
941 2761 1136 2843 subprioris
1148 2780 1304 2842 munere,
1317 2764 1461 2825 tandem
1475 2762 1644 2827 Calendis

811 2883 918 2945 Maiis
931 2888 1012 2946 1830
1020 2903 1156 2947 summo
1167 2883 1315 2947 fratrum
1327 2885 1454 2966 plausu
1462 2885 1559 2966 prior
1570 2907 1645 2950 mo-

811 3005 958 3068 nasterii
979 3005 1188 3087 designatus
1209 3017 1274 3067 est.
1298 3006 1339 3068 In
1364 3007 1432 3069 hoc
1455 3008 1644 3092 dignitatis

810 3128 925 3208 gradu
942 3127 1146 3208 collocatus,
1165 3128 1305 3208 qualem
1322 3149 1350 3192 S.
1366 3129 1406 3193 Ρ.
1423 3130 1643 3195 Benedictus

756 3257 759 3261 ’
810 3248 1055 3329 praepositum
1085 3250 1291 3312 monasterii
1319 3251 1505 3336 describit,
1532 3255 1642 3319 talem

811 3390 849 3432 se
866 3370 1028 3433 exhibuit
1045 3381 1090 3453 et,
1108 3383 1278 3453 quantum
1291 3375 1474 3454 praelatus
1490 3386 1567 3438 erat
1583 3396 1643 3439 ce-

809 3491 905 3573 teris,
933 3501 1033 3555 tanto
1056 3492 1229 3555 sollicitus
1253 3495 1470 3559 observabat
1492 3498 1642 3579 regulae

808 3623 1013 3695 praecepta.
1022 3614 1128 3676 Anno
1142 3619 1220 3693 1845
1231 3615 1523 3698 archiepiscopus
1531 3617 1640 3681 Vien-

808 3734 928 3797 nensis
944 3734 1181 3817 inspectorem
1201 3755 1281 3799 eum
1298 3738 1482 3800 constituit
1500 3738 1640 3802 distric-

808 3866 865 3919 tus
886 3858 1070 3919 cuiusdam
1090 3858 1288 3921 scholarum
1308 3858 1499 3922 trivialium
1520 3858 1640 3922 simul-

808 3999 877 4061 que
887 3978 1087 4043 consistorii
1100 3978 1336 4042 consiliarium
1349 3999 1428 4042 esse
1441 3979 1552 4042 iussit.
1569 3979 1640 4042 Pa-

807 4099 906 4163 rochi
927 4121 1068 4184 quoque
1089 4101 1124 4164 in
1138 4103 1359 4165 monasterio
1383 4122 1509 4166 munus
1529 4103 1638 4167 subiit

812 4227 902 4302 1847.
927 4224 1033 4287 Anno
1049 4225 1213 4306 sequenti
1229 4234 1418 4305 cooptatus
1433 4224 1470 4288 in
1481 4227 1637 4306 amplum

808 4347 997 4429 collegium
1006 4357 1208 4410 senatorum
1219 4347 1375 4411 civitatis
1384 4346 1638 4410 Vindobonen·

808 4469 857 4531 sis
884 4488 1102 4550 magnopere
1127 4470 1172 4531 de
1198 4470 1314 4531 salute
1343 4470 1473 4533 civium
1499 4470 1637 4536 meruit.

807 4589 938 4654 Missus
952 4600 1016 4669 est,
1026 4601 1065 4653 ut
1078 4600 1198 4652 cetera
1210 4590 1351 4653 silentio
1360 4600 1637 4674 praetereamus,

806 4712 875 4775 iam
896 4717 977 4791 1848
995 4732 1073 4775 cum
1094 4713 1233 4775 duobus
1257 4712 1405 4793 collegis
1425 4712 1637 4777 Francofur·

805 4845 879 4897 tum
895 4836 942 4897 ad
957 4834 1125 4896 Moenum
1141 4835 1187 4896 ad
1203 4833 1382 4916 Ioannem,
1396 4834 1566 4898 Austriae
1582 4856 1636 4897 ar-

806 4959 1001 5039 chiducem,
1019 4957 1078 5039 qui
1094 4967 1168 5020 turn
1184 4976 1242 5019 res
1259 4953 1491 5020 Germanicas
1506 4959 1636 5041 guber-

805 5081 924 5161 nabat,
942 5099 1093 5162 quocum
1109 5098 1167 5141 res
1179 5077 1414 5162 gravissimae
1426 5079 1635 5142 tractandae

805 5211 915 5265 erant.
937 5203 982 5264 Et
999 5201 1160 5283 quamvis
1176 5201 1302 5263 eodem
1318 5219 1411 5262 anno
1422 5200 1635 5264 tumultuum

804 5336 926 5387 aestus
934 5323 1171 5386 Vindobonae
1182 5341 1299 5385 rerum
1311 5321 1502 5385 civicarum
1515 5341 1634 5385 curam

804 5445 1042 5525 periculosam
1065 5446 1265 5525 redderent,
1286 5452 1405 5506 tamen
1429 5463 1555 5507 munus
1578 5461 1635 5506 su·

1375 5548 1425 5595 18*
