4088 6270
892 528 937 534 „„
994 486 1067 572 428
1126 528 1172 535 --

155 697 263 754 Stiftes
287 697 377 752 Melk.
408 712 432 784 1.
450 696 502 751 Bd.
532 710 609 751 1002
630 716 668 772 p.‚
691 715 738 751 am
756 695 841 751 Ende
858 693 988 751 1111Αο-

159 802 315 874 merkung.

245 924 477 999 lV.Applausus
488 924 628 986 musicus.
641 941 706 978 cum
718 902 988 978 reverendissimus

157 1029 375 1084 illustrissimus
387 1047 423 1083 ac
437 1028 706 1084 excellentissimus
719 1027 767 1083 dd.
779 1029 913 1100 Ignatius
922 1026 988 1082 Cri-

157 1133 273 1199 1111115,
288 1135 427 1209 patritius
441 1133 683 1199 Mediolanensis‚
702 1133 739 1187 D.
753 1144 782 1187 et
794 1131 830 1186 A.
843 1129 875 1186 S.
889 1133 989 1204 gratia

157 1238 407 1312 archiepiscopus
429 1238 654 1303 Caesareensis,
678 1238 836 1310 utriusque
853 1236 988 1308 signatu·

157 1360 209 1397 rae
220 1341 441 1397 referendarius
450 1344 482 1397 B.
494 1342 531 1397 D.
543 1342 577 1396 N.
588 1342 625 1396 D.
636 1341 790 1395 Benedicti
799 1340 858 1395 div.
869 1339 987 1414 provid.

159 1447 259 1521 Papae
276 1447 429 1521 praelatus
445 1447 639 1510 domesticus,
662 1445 728 1500 solii
746 1443 891 1519 pontificii
908 1443 988 1499 adsi-

159 1563 252 1615 stens,
278 1551 314 1604 ad
336 1570 360 1606 s
379 1568 537 1605 caesareas
559 1552 732 1604 maiestates
756 1567 822 1603 cum
847 1547 989 1603 facultate

158 1655 249 1727 legati
267 1672 284 1707 a
300 1654 393 1709 latere
411 1655 530 1709 nuntius
546 1653 734 1729 apostolicus
747 1665 805 1708 etc.
819 1664 876 1707 etc.
894 1651 989 1706 Melli-

159 1777 226 1813 cum
256 1758 454 1813 illustrissima
481 1776 535 1811 sua
563 1759 734 1832 praesentia
758 1754 946 1830 dignaretur,
971 1773 990 1809 a

159 1863 250 1917 musis
266 1860 489 1917 Mellicensibus
506 1861 693 1928 decantatus,
711 1879 789 1916 anno
811 1873 901 1932 1754.
923 1859 988 1915 Pol.

157 1967 214 2021 Ms.
232 1968 260 2020 in
277 1963 461 2021 bibliotheca
478 1965 652 2020 Mellicensi.
665 1998 721 2032 ,-
745 1965 791 2020 De
817 1965 875 2019 hoc
897 1981 989 2038 opere

159 2070 233 2125 haec
250 2069 393 2124 adnotata
409 2072 522 2125 inveni:
547 2068 679 2144 ι181711.
707 2083 797 2141 1754.
823 2069 912 2124 Circa
936 2067 990 2123 ho·

159 2193 221 2229 ram
233 2188 369 2248 quartam
381 2175 616 2249 pomeridianam
630 2173 720 2229 hodic
733 2175 761 2228 in
775 2173 838 2228 sala
847 2173 989 2227 exteriori

160 2279 325 2353 productus
342 2292 389 2334 est
406 2278 527 2352 quidam
544 2278 708 2353 applausus
722 2279 863 2345 musicus,
881 2277 990 2331 nomini

160 2396 189 2438 et
205 2380 372 2438 honoribus
389 2383 632 2438 excellentissimi
649 2382 759 2437 domini
777 2383 870 2436 nuntii
883 2399 992 2436 conse-

160 2500 271 2543 cratus.
296 2486 390 2560 Signa
404 2487 584 2561 beneplaciti
598 2486 731 2561 desuper
743 2485 825 2541 dedit
842 2484 919 2540 idem
937 2484 990 2539 do·

160 2594 255 2647 minus
273 2594 402 2646 nuntius
428 2592 517 2646 Pater
533 2591 613 2646 Beda
631 2591 801 2665 composuit
818 2607 935 2653 versus,
958 2588 990 2644 P.

161 2697 312 2751 Marianus
325 2713 435 2768 regens
453 2695 537 2750 chori
555 2697 707 2750 musicam.

246 2817 282 2872 V.
305 2818 457 2871 Musarum
480 2814 694 2871 Mellicensium
716 2833 889 2870 communes
914 2816 991 2869 inter

161 2922 252 2974 totius
269 2895 450 2975 Germaniae
468 2920 590 2995 plausus
607 2933 678 2974 vota
695 2922 889 2975 serenissimo
906 2920 990 2974 lose·

161 3024 221 3099 pho
230 3025 243 3079 I
247 3025 267 3078 l.
279 3023 450 3091 Austriac0,
460 3026 542 3096 regia
551 3025 667 3098 imperii
679 3023 860 3079 Germanice
869 3037 991 3097 sceptra

162 3130 365 3202 capessituro.
392 3130 420 3182 in
444 3141 574 3200 augusto
599 3147 778 3183 summarum
804 3129 989 3182 maiestatum

161 3231 290 3286 adventu
308 3231 426 3286 Mellicii
445 3231 604 3286 decantata
629 3250 707 3286 anno
734 3229 772 3286 ab
793 3244 864 3286 nato
886 3248 990 3304 regum

162 3354 235 3408 rege
256 3335 346 3408 1764.
373 3334 582 3401 Vindobonae‚
608 3339 687 3411 typis
712 3337 831 3391 Ioannis
853 3335 991 3389 Thomae

162 3440 315 3495 'l‘rattnen
333 3447 375 3510 4⁰.

249 3545 299 3600 Vl.
317 3543 530 3600 Mellicensium
549 3545 687 3600 officiosa
700 3563 849 3599 musarum
867 3561 992 3599 concer-

166 3651 239 3704 tatio
257 3651 284 3703 in
302 3648 440 3722 Augusto
459 3651 614 3723 procinctu
639 3651 723 3722 regio
742 3649 927 3722 inclytissimi
944 3648 993 3703 lo-

162 3753 246 3828 sephi
265 3753 435 3819 Austriacm
454 3753 523 3807 dum
540 3753 683 3827 Europae
700 3755 843 3827 expiatio,
866 3752 992 3807 Germa-

161 3859 228 3911 niae
246 3855 419 3922 obtestatio‚
438 3870 467 3912 et
484 3857 564 3911 salus
586 3857 665 3911 sacta
686 3856 753 3911 huic
778 3857 889 3921 domui,
914 3872 992 3910 anno

162 3961 272 4016 Christi
290 3963 370 4034 regis
387 3964 500 4017 aeterni
523 3961 602 4033 1764
620 3961 647 4016 d.
662 3961 690 4016 8.
705 3962 790 4016 Mart.
808 3962 864 4015 Ms,
879 3962 907 4014 in
919 3958 992 4015 bibl.

162 4065 269 4120 Mellic.

250 4168 315 4223 Vll.
340 4168 495 4223 Securitas
517 4168 698 4224 Germaniae
722 4169 854 4243 Iosepho
873 4168 908 4223 lI.
932 4168 993 4223 Au·

163 4275 274 4328 striaco
290 4286 437 4328 coronato
452 4274 760 4347 nuperRomanorum
774 4272 994 4329 etGermaniae

164 4395 237 4449 rege
261 4379 327 4451 pio,
354 4376 446 4439 felici,
472 4376 622 4448 Augusto,
648 4375 842 4432 redeuntibus
868 4376 994 4432 feliciter

164 4482 279 4554 patriae
306 4479 452 4554 patribus,
476 4481 622 4556 applausu
650 4483 765 4537 musico
791 4480 943 4537 celebrata
965 4483 993 4536 in

165 4585 276 4639 devoto
301 4585 335 4640 N.
361 4585 400 4639 M.
426 4587 457 4639 Z.
487 4604 590 4641 eorum
620 4588 804 4641 monasterio
829 4585 993 4641 Mellicensi

165 4708 193 4743 o.
210 4708 233 4743 s.
253 4689 416 4752 Benedicti,
434 4708 512 4745 anno
528 4688 566 4744 ab
583 4692 724 4745 restituto
741 4690 870 4745 humano
889 4691 993 4763 generi

164 4792 260 4848 salute
278 4791 357 4864 1764
374 4793 422 4847 die
435 4793 557 4868 Aprilis.
572 4792 779 4861 Vindobonae‚
798 4795 877 4868 typis
889 4794 992 4849 loann.

164 4897 302 4952 Thomae
319 4896 473 4963 Trattner‚
500 4917 579 4953 caes
603 4918 626 4953 r.
649 4899 735 4953 aulae
757 4898 938 4972 typographi
965 4912 994 4952 et

164 5001 360 5076 bibliopolae.
378 5009 421 5072 4⁰.

251 5124 331 5180 Vlll.
349 5122 549 5198 Singgedicht
565 5123 695 5200 (carmen
709 5122 863 5202 musicum)
881 5124 927 5179 bei
941 5124 996 5180 der

166 5229 348 5284 Durchreise
373 5229 457 5285 Ihrer
474 5229 613 5302 majestat
636 5230 689 5285 der
704 5231 728 5285 F
732 5249 784 5285 rau
801 5230 896 5284 Maria
913 5230 995 5284 lose-

167 5334 224 5406 pha
249 5334 438 5389 Prinzessinn
462 5353 516 5389 aus
539 5336 671 5408 Bayern,
696 5334 881 5390 vermahlten
905 5334 996 5388 Braut

167 5435 272 5492 Seiner
297 5438 417 5511 Konigl.
440 5438 578 5512 Majestat
601 5439 731 5513 Josephs
754 5439 807 5493 des
831 5439 868 5493 II.
894 5438 996 5493 Romi·

1069 693 1161 748 schen
1195 694 1343 765 Koniges,
1380 693 1572 767 Erzherzogs
1608 711 1669 749 von
1705 697 1867 752 Oesterreich

1070 797 1253 852 Durchreise
1267 796 1342 852 nach
1352 794 1554 853 Schonbrunn
1567 817 1633 852 zum
1645 798 1743 854 hohen
1752 799 1870 874 Beylager

1069 899 1126 956 den
1144 916 1194 956 21.
1210 901 1323 976 Janner
1338 900 1392 956 des
1413 899 1492 973 1765
1509 902 1627 976 Jahres‚
1650 903 1679 957 in
1696 902 1761 958 dem
1777 903 1870 960 Kloster

1069 1004 1151 1060 Melk
1177 1005 1386 1060 Benedictiner
1411 1004 1531 1061 Ordens
1560 1007 1782 1080 unterthanigst
1801 1007 1870 1082 abge·

1068 1109 1336 1181 sungen.F01.Ms.
1354 1141 1397 1149 —
1414 1109 1460 1165 De
1476 1109 1534 1166 hoc
1551 1128 1647 1185 opere
1660 1113 1690 1165 in
1703 1111 1870 1186 ephemeridi-

1068 1211 1125 1268 bus
1137 1211 1362 1268 Mellicensibus
1378 1213 1453 1268 haec
1469 1212 1666 1271 adnotantur:
1685 1229 1715 1285 3.
1731 1215 1788 1271 Ian.
1804 1215 1869 1287 1765.

1069 1316 1204 1391 Coeptus
1214 1298 1391 1391 estprobari
1401 1317 1566 1392 applausus
1577 1336 1683 1374 coram
1696 1320 1777 1392 regia
1785 1338 1870 1394 sponsa

1068 1420 1116 1474 die
1142 1435 1191 1475 21.
1215 1419 1443 1494 producenduS,
1467 1440 1556 1495 quem
1581 1423 1617 1479 R.
1643 1423 1675 1478 P.
1699 1423 1778 1479 Beda
1800 1437 1869 1478 metro

1069 1523 1253 1580 Germanico
1282 1527 1467 1599 composuit,
1496 1538 1527 1581 et
1550 1528 1714 1600 organicus
1737 1541 1825 1583 noster
1843 1528 1868 1582 l).

1069 1627 1224 1701 Georgius
1235 1627 1510 1702 Albrechtsberger
1522 1632 1637 1686 musica
1647 1632 1791 1687 instruxit.
1804 1648 1826 1702 4.
1837 1631 1868 1685 la·

1069 1733 1162 1787 nuarii
1180 1731 1262 1787 Beda
1279 1750 1367 1787 curru
1391 1746 1420 1787 et
1442 1736 1528 1807 equis
1551 1737 1665 1790 nostris
1687 1737 1742 1791 iter
1756 1737 1868 1791 Viennam

1069 1835 1233 1910 adgressus
1247 1849 1302 1903 est,
1321 1836 1371 1891 ubi
1384 1837 1561 1912 applausum
1576 1837 1785 1895 Germanicum
1797 1857 1867 1914 appo

1070 1941 1125 1995 site
1144 1952 1173 1995 et
1192 1939 1307 1995 erudite
1325 1943 1526 2016 compositum
1543 1942 1631 2017 prelo
1650 1940 1755 1998 subiici
1771 1941 1867 1999 curabit

1071 2045 1103 2098 ln
1120 2042 1252 2099 secunda
1268 2047 1480 2101 anticammera
1497 2046 1532 2101 R.
1551 2047 1582 2102 P.
1600 2047 1702 2103 Bruno
1718 2046 1803 2103 audiri
1817 2047 1867 2102 fecit

1071 2166 1126 2202 sua
1150 2146 1288 2221 cymbala
1313 2149 1403 2222 vulgo
1429 2150 1652 2223 Maultrommel
1676 2164 1706 2206 et
1728 2153 1867 2206 accisiarius

1072 2265 1175 2307 noster
1198 2272 1282 2308 suum
1307 2254 1402 2308 lusum
1428 2273 1493 2309 cum
1518 2255 1644 2329 scyphis
1667 2257 1780 2319 vitreis,
1800 2255 1867 2327 vulgo

1072 2356 1134 2411 llas
1152 2355 1236 2411 Glasl
1254 2355 1348 2432 Spiel.

1159 2488 1210 2543 IX.
1229 2486 1382 2554 Rebecka,
1408 2487 1456 2543 die
1476 2488 1569 2543 Braut
1589 2489 1705 2545 Isaaks.
1730 2489 1781 2545 Ein
1801 2488 1866 2560 Sing-

1071 2592 1147 2666 spiel
1171 2589 1285 2668 (drama
1307 2589 1461 2669 musicum)
1485 2611 1531 2647 am
1550 2592 1639 2667 Tage
1659 2594 1704 2649 als
1720 2594 1764 2649 die
1779 2592 1866 2648 Durch-

1072 2696 1253 2771 lauchtigste
1267 2696 1395 2752 Kaiserl.
1410 2696 1533 2769 Konigl.
1547 2697 1737 2753 Prinzessinn
1752 2697 1803 2752 und
1815 2696 1866 2750 En·

1072 2800 1235 2874 herzoginn
1262 2820 1297 2855 zu
1326 2801 1523 2856 Oesterreich
1551 2801 1631 2856 Frau
1655 2802 1748 2857 Maria
1768 2800 1866 2856 Antonia

1071 2904 1236 2960 vermahlte
1253 2905 1412 2979 Dauphine
1425 2923 1484 2960 ron
1496 2905 1684 2961 Frankreich
1698 2905 1753 2960 und
1764 2906 1866 2960 Navarra

1070 3008 1124 3063 auf
1147 3008 1201 3063 der
1225 3009 1315 3064 Reise
1340 3027 1399 3064 von
1423 3009 1512 3064 Wien
1540 3009 1617 3065 nach
1642 3009 1812 3065 Frankreich
1830 3006 1866 3061 das

1073 3113 1196 3168 Kloster
1212 3111 1303 3176 Melk,
1321 3112 1531 3168 Benedictiner
1548 3113 1670 3170 Ordens
1691 3116 1740 3169 mit
1758 3112 1866 3169 hdchster

1073 3217 1259 3290 Gegenwart
1271 3214 1406 3273 beehrte.
1424 3216 1511 3272 Allda
1524 3219 1553 3272 in
1563 3215 1866 3292 unterthauigsterEhr·

1073 3321 1171 3376 furcht
1192 3320 1388 3394 abgesungen
1413 3320 1469 3376 den
1494 3337 1545 3376 21.
1568 3321 1781 3378 Ostermonde's
1801 3331 1866 3390 1770.

1073 3426 1172 3491 Wien,
1197 3425 1347 3497 gedruckt
1366 3423 1426 3499 bey
1445 3426 1562 3501 Johann
1579 3425 1716 3482 Thomas
1731 3424 1813 3481 Edlen
1825 3439 1866 3475 ron

1073 3529 1248 3594 Trattnern‚
1266 3529 1386 3584 kaiserl.
1405 3529 1518 3603 krinigl.
1533 3529 1814 3586 Hofbuchdruckem
1827 3523 1865 3580 und

1072 3632 1311 3688 Buchhandlern.
1326 3640 1368 3704 4⁰.
1385 3666 1428 3674 —
1444 3634 1490 3689 De
1504 3634 1561 3690 hoc
1576 3634 1677 3691 Bedae
1689 3652 1776 3711 opere
1787 3634 1865 3689 citatae

1073 3737 1283 3811 ephemerides
1299 3740 1456 3811 sequentia
1472 3738 1622 3794 referunt:
1649 3755 1698 3796 21.
1716 3740 1782 3814 Apr.
1800 3748 1865 3809 1770.

1073 3843 1157 3896 Hora
1187 3842 1215 3897 8.
1244 3842 1457 3916 Angustissimi
1489 3857 1519 3898 et
1551 3843 1739 3900 illustrissimi
1764 3842 1866 3916 hospites

1073 3945 1176 4000 drama
1193 3949 1338 4002 musicum
1355 3948 1544 4022 inscriptum:
1566 3945 1729 4017 „Rebeclra
1744 3947 1786 4002 die
1800 3946 1865 4000 Braut

1074 4051 1197 4105 lsaaks“
1223 4052 1308 4105 cuius
1324 4065 1532 4123 argumentum
1548 4070 1567 4106 a
1584 4052 1616 4107 P.
1634 4050 1818 4107 bibliothecae
1831 4064 1866 4100 m·

1073 4155 1161 4209 1110111
1188 4153 1356 4209 subiectum
1381 4156 1412 4210 P.
1441 4155 1595 4212 Robertus
1620 4155 1804 4226 Kimmerling
1825 4166 1866 4204 turn

1074 4260 1219 4334 temporis
1243 4260 1395 4332 choragus
1417 4258 1569 4315 modulate
1590 4260 1757 4335 descripsit,
1778 4269 1866 4332 specta·

1074 4377 1133 4418 tum
1157 4361 1248 4429 ibant,
1274 4362 1476 4436 secundisque
1496 4361 1807 4420 admurmurationibus
1825 4358 1865 4412 fre·

1074 4470 1214 4541 quentius
1230 4444 1450 4543 adprobabant.

1161 4600 1198 4652 Χ.
1215 4599 1339 4653 Munera
1356 4600 1483 4672 mystica
1500 4599 1567 4654 Deo
1589 4598 1690 4655 oblata
1709 4617 1726 4654 a
1745 4598 1865 4674 plurinum

1075 4701 1253 4768 reverendo,
1279 4702 1508 4775 religiosissimo
1530 4723 1566 4759 ac
1588 4704 1757 4760 doctissimo
1777 4701 1866 4756 domino

1075 4807 1107 4861 P.
1126 4804 1262 4861 Roberto
1280 4806 1432 4873 Wollfart,
1459 4806 1572 4863 ordinis
1597 4828 1620 4863 s.
1645 4809 1677 4863 P.
1698 4803 1830 4864 Benedicti
1848 4800 1866 4852 in

1076 4909 1171 4965 libero
1189 4923 1219 4965 et
1235 4923 1377 4986 exempto
1391 4914 1576 4968 monasterio
1590 4912 1748 4968 Mellicensi
1760 4907 1866 4986 professo

1076 4996 1205 5071 iubilaeo
1224 5029 1253 5070 et
1270 5018 1389 5071 seniore
1407 5015 1582 5081 venerabili,
1606 5037 1671 5073 cum
1693 5014 1813 5073 sollemni
1827 5010 1865 5063 11111

1077 5123 1105 5174 in
1131 5120 1208 5176 festo
1233 5120 1422 5195 Epiphaniae
1449 5120 1560 5176 domini
1590 5120 1731 5178 iubilaeus
1756 5113 1864 5176 sacerdos

1077 5245 1164 5280 sacra
1180 5224 1304 5280 faceret.
1328 5226 1446 5281 Cecinit
1466 5225 1576 5284 nobilis
1600 5247 1636 5283 ac
1660 5230 1796 5302 ingenuus
1814 5218 1864 5275 adt·

1079 5331 1195 5386 lescens
1209 5330 1337 5385 Ioannes
1351 5331 1539 5403 evangelista
1551 5332 1752 5405 Kimmerling,
1767 5333 1863 5405 7101111ς

1076 5436 1239 5501 studiosus,
1258 5449 1287 5490 et
1305 5433 1423 5490 iubilaei
1442 5437 1610 5494 sacerdotis
1627 5437 1731 5493 affinis
1752 5447 1823 5507 1751.
1835 5455 1861 5466 ‚
