4088 6270
961 500 1003 508 —
1048 462 1206 525 LXVIII
1250 498 1293 508 -

258 691 342 753 anni
365 690 569 753 scholastici
593 689 811 752 sollemniter
835 689 1100 752 celebrabatur.
1146 686 1311 750 Praemio
1327 706 1398 750 non
1414 686 1483 748 nisi
1498 685 1682 767 medaliae,
1706 697 1780 749 tres
1796 688 1832 749 in
1849 687 2002 771 singulis

259 828 444 911 classibus,
469 830 656 892 dabantur.

389 968 462 1032 Sed
486 989 644 1049 campus,
668 969 702 1031 in
728 988 797 1050 quo
814 965 1129 1030 Benedictinorum
1153 966 1240 1027 ordo
1266 963 1451 1027 erudiendi
1475 974 1512 1027 et
1536 965 1686 1027 docendi
1710 965 1883 1028 industria
1907 985 2000 1028 sum·

259 1127 351 1170 mam
375 1109 516 1171 laudem
540 1117 734 1187 meruerat,
760 1106 922 1189 angustis
945 1105 1075 1169 finibus
1099 1105 1389 1186 circumscriptus
1414 1114 1469 1168 est
1492 1125 1585 1168 anno
1614 1109 1709 1186 1778,
1740 1124 1811 1188 quo
1843 1105 1998 1168 edictum

259 1257 323 1329 est,
348 1267 391 1311 ne
415 1247 451 1310 in
474 1247 708 1328 monasteriis,
732 1246 800 1309 nisi
823 1246 952 1328 quibus
976 1265 1184 1308 concessum
1208 1255 1306 1306 esset
1330 1243 1462 1307 iustum
1485 1243 1710 1327 gymnasium
1740 1243 1996 1329 („fiirmliches“

259 1384 517 1468 Gymnasium),
541 1395 579 1449 ut
602 1385 817 1449 monasterio
841 1383 1109 1466 Cremifanensi,
1132 1383 1346 1466 Meranensi,
1371 1382 1641 1465 Braunaviensi‚
1665 1385 1712 1446 ad
1727 1383 1887 1466 linguam
1903 1383 1998 1446 Lati·

258 1545 340 1588 nam
369 1526 575 1588 discendam
609 1523 881 1588 admitterentur
910 1525 1012 1606 pueri
1042 1522 1109 1586 nisi
1141 1522 1201 1605 qui
1232 1532 1358 1586 cantus
1390 1542 1498 1586 causa
1530 1523 1795 1605 susciperentur
1820 1521 1998 1608 (,Singer-

258 1664 451 1746 knaben“);
483 1664 688 1747 gymnasia,
720 1684 812 1746 quae
840 1683 1011 1727 concessa
1035 1674 1173 1746 essent,
1205 1646 1252 1726 ad
1284 1664 1430 1726 decreta
1460 1661 1702 1744 imperatoria
1719 1661 1999 1726 instituerentur.

258 1803 334 1866 Nec
359 1805 481 1885 solum,
507 1824 598 1885 quae
622 1823 679 1865 res
704 1823 773 1885 qua
796 1802 934 1866 ratione
958 1803 1183 1883 docerentur,
1209 1800 1470 1883 praescriptum
1493 1810 1562 1882 est,
1591 1802 1655 1862 sed
1679 1801 1804 1882 etiam,
1837 1821 1931 1882 quae
1953 1803 1999 1864 ad

260 1962 376 2004 mores
411 1951 518 2023 atque
555 1941 778 2023 disciplinam
812 1943 1047 2023 spectabant,
1083 1939 1237 2003 decretis
1273 1939 1512 2022 imperatoriis
1548 1939 1742 2003 constituta
1773 1950 1865 2004 sunt.
1913 1939 1998 2002 Cum

259 2080 457 2161 antiquitus
481 2082 632 2143 abbates
655 2080 691 2142 in
714 2080 788 2143 suis
811 2080 1035 2143 monasteriis
1059 2082 1168 2142 rebus
1193 2079 1416 2143 scholasticis
1440 2079 1704 2161 praesiderent,
1735 2098 1828 2142 anno
1860 2083 1943 2158 1780
1968 2079 1998 2141 is

258 2221 371 2283 honor
394 2219 585 2282 abbatibus
609 2221 773 2282 ademtus
793 2229 902 2301 atque
927 2218 968 2280 iis
992 2219 1133 2281 delatus
1157 2228 1222 2300 est,
1248 2217 1308 2300 qui
1331 2217 1459 2298 cuique
1483 2217 1621 2300 regioni
1644 2227 1845 2301 praeerant,
1870 2218 1905 2281 in
1930 2237 1998 2299 qua

260 2361 427 2441 quodque
451 2357 703 2422 monasterium
727 2358 833 2421 situm
857 2370 942 2421 erat.
990 2357 1084 2440 Quin
1113 2357 1220 2421 etiam
1248 2357 1382 2420 factum
1413 2368 1485 2440 est,
1519 2368 1558 2421 ut
1587 2377 1606 2419 e
1635 2357 1848 2437 quibusdam
1880 2377 1998 2421 mona·

260 2499 377 2563 steriis
401 2500 542 2562 scholae
566 2498 890 2561 transmitterentur
912 2498 948 2560 in
972 2497 1107 2579 oppida
1131 2496 1248 2560 vicina
1277 2506 1313 2560 et
1343 2496 1473 2559 civium
1506 2515 1651 2560 numero
1679 2495 1932 2578 frequentiora,
1960 2505 1998 2558 ut

259 2639 382 2701 schola
404 2637 631 2717 Mellicensis‚
655 2656 747 2718 quae
771 2657 863 2699 anno
891 2641 967 2715 1781
995 2636 1030 2699 111
1054 2636 1280 2719 gymnasium
1304 2645 1441 2698 mutata
1457 2646 1523 2719 est,
1547 2637 1582 2699 in
1597 2636 1755 2718 regionis
1773 2646 1883 2717 caput
1899 2634 1998 2700 Sam-

260 2777 508 2860 politanum1),
532 2777 654 2839 schola
677 2775 944 2858 Admontensis,
977 2796 1069 2857 quae
1104 2795 1182 2855 1777
1215 2775 1250 2837 in
1281 2776 1506 2858 gymnasium
1539 2784 1675 2838 mutata
1706 2785 1779 2856 est,
1810 2774 1998 2838 Liubinam

260 2916 435 2978 translata
458 2925 514 2978 est
538 2917 647 2997 (1780)
664 2917 697 2996 ²).

392 3054 451 3117 Ad
476 3073 537 3116 eas
560 3072 617 3117 res
641 3073 719 3116 cum
744 3054 829 3116 illud
853 3055 1050 3135 accederet,
1075 3064 1114 3117 ut
1137 3054 1352 3117 monasteria
1377 3074 1483 3135 quam
1506 3053 1658 3136 plurima
1679 3065 2001 3136 exaugurarentur,

260 3192 340 3256 finis
375 3194 570 3256 advenerat
604 3202 764 3256 veterum
801 3194 1001 3255 scholarum
1036 3192 1347 3256 monasterialium.
1399 3193 1439 3255 In
1471 3193 1595 3277 paucis
1632 3193 1856 3256 monasteriis
1864 3243 1874 3274 ,
1907 3214 2002 3275 quae

261 3333 386 3396 relicta
409 3344 519 3414 erant,
544 3333 687 3395 scholae
711 3335 903 3396 manebant
927 3353 1052 3414 parum
1075 3332 1333 3415 frequentatae,
1358 3351 1437 3395 cum
1461 3331 1666 3395 testimonia
1689 3351 1810 3394 earum
1835 3342 2002 3395 carerent

262 3472 406 3553 publica
441 3471 663 3535 auctoritate.
709 3471 845 3534 Versus
880 3480 935 3533 est
971 3473 1115 3534 tandem
1150 3471 1206 3533 1110
1242 3491 1357 3534 rerum
1392 3481 1508 3535 status
1543 3470 1857 3534 Benedictinorum
1891 3472 2000 3533 rebus

261 3610 513 3693 iniquissimus
538 3631 584 3673 ex
608 3630 678 3691 quo
702 3610 914 3672 Franciscus
938 3609 965 3674 Ι.
988 3621 1139 3674 nanctus
1163 3620 1218 3674 est
1242 3631 1415 3673 summum
1440 3610 1635 3691 imperium,
1660 3609 1721 3691 qui
1743 3618 1868 3672 contra
1894 3629 1997 3691 quam

261 3749 396 3812 fecerat
430 3759 577 3831 patruus
612 3749 785 3830 Iosephus
816 3749 860 3810 ΙΙ.
896 3748 1073 3831 religiosis
1108 3749 1360 3812 sodalitatibus
1392 3768 1478 3831 prae
1510 3747 1638 3811 ceteris
1671 3749 1821 3811 docendi
1852 3767 1997 3811 munera

259 3886 295 3950 in
318 3887 515 3969 gymnasiis
539 3887 714 3950 commisit
737 3897 773 3950 et
796 3906 867 3949 non
890 3887 1003 3949 solum
1028 3887 1215 3969 concessit,
1239 3896 1278 3950 ut
1301 3887 1337 3949 in
1360 3887 1403 3949 iis
1427 3886 1662 3969 monasteriis,
1687 3906 1779 3969 quae
1795 3890 1995 3967 manebant,

259 4024 401 4105 privata
423 4025 610 4108 gymnasia
635 4027 879 4107 conderentur,
903 4036 1011 4106 atque
1035 4044 1088 4107 ea,
1113 4045 1205 4107 quae
1229 4035 1303 4088 tum
1327 4036 1439 4107 erant,
1464 4027 1676 4089 auctoritate
1698 4044 1763 4087 sua
1786 4024 1995 4108 interposita

260 4165 504 4245 conservavit,
535 4166 599 4227 sed
624 4165 729 4228 etiam
754 4165 796 4226 iis
819 4165 1060 4246 monasteriis,
1093 4184 1184 4247 quae
1215 4168 1261 4227 ab
1293 4165 1372 4248 ipso
1404 4165 1571 4228 restituta
1603 4173 1702 4245 sunt,
1734 4184 1812 4227 eam
1843 4166 1995 4228 maxime

260 4304 388 4366 statuit
410 4305 537 4386 legem,
562 4314 601 4367 ut
624 4303 744 4385 pueris
768 4303 971 4366 erudiendis
995 4322 1140 4384 operam
1165 4305 1301 4367 darent.

355 4455 357 4460 '
389 4443 504 4506 Tanto
528 4441 652 4504 favore
676 4442 853 4505 sublevati
877 4442 1120 4524 Benedictini,
1145 4463 1358 4524 quamquam
1383 4443 1570 4525 Napoleon
1593 4444 1619 4505 I.
1649 4452 1809 4506 extremo
1832 4444 1996 4525 proximo

260 4583 403 4644 saeculo
428 4592 536 4662 atque
560 4582 628 4644 hoc
651 4581 795 4644 ineunte
819 4592 933 4644 terras
957 4581 1168 4645 Austriacas
1192 4581 1330 4645 infestis
1354 4582 1461 4644 armis
1486 4583 1717 4672 devastabat,
1752 4592 1874 4645 tamen
1903 4583 1996 4645 omni

256 4721 384 4784 virium
414 4720 638 4785 contentione
667 4723 783 4784 denuo
814 4721 850 4782 in
879 4740 952 4783 rem
985 4720 1100 4783 ordini
1132 4719 1456 4783 coniunctissimam
1489 4721 1734 4785 incubuerunt.
1780 4721 1889 4784 Anno
1918 4727 1997 4800 1804

257 4860 483 4943 gymnasium
500 4860 716 4940 Mellicense,
742 4860 837 4941 quod
861 4860 896 4921 in
913 4860 1084 4941 oppidum
1101 4858 1384 4941 Sampolitanum
1408 4859 1526 4923 fuerat
1549 4862 1769 4943 translatum,
1794 4861 1995 4925 restitutum

257 5010 364 5081 atque
401 4999 664 5081 professoribus
699 4999 858 5060 eiusdem
894 4998 1099 5061 monasterii
1134 4999 1359 5062 commissum
1393 5010 1448 5063 est
1462 5001 1497 5081 ³).
1544 5001 1650 5063 Anno
1687 5004 1765 5080 1807
1802 5001 1998 5083 imperator

387 5193 409 5274 ¹)
433 5194 618 5251 Geschichtc
643 5193 695 5249 des
720 5193 935 5267 Gymnasiums
959 5211 1018 5248 von
1042 5193 1132 5251 Melk.

386 5305 408 5387 ²)
434 5308 543 5375 luchs,
568 5306 700 5363 Admont
724 5307 742 5362 Ι.
768 5326 792 5363 0.

383 5418 408 5500 3)
433 5419 609 5495 Keiblinger
633 5420 651 5475 l.
677 5439 702 5475 c.
