4034 6262
848 446 1145 509 —XLVI-

256 671 345 734 Cum
368 671 478 754 igitur
500 671 535 735 in
552 671 726 735 Bohemia
749 672 925 753 quaedam
947 671 1081 734 ordinis
1104 672 1274 753 reliquiae
1298 682 1486 754 restarent,
1510 672 1703 737 infinibus
1729 674 1868 756 imperii

125 810 324 893 Hungarici
347 812 435 872 ordo
459 813 505 873 ad
528 822 670 892 tempus
693 811 837 892 penitus
860 811 1059 874 exstinctus
1083 820 1148 875 est.
1194 810 1435 893 Benedictini,
1461 814 1624 893 quamvis
1647 813 1756 876 bellis
1781 814 1868 875 Tur·

126 949 211 1013 cicis
234 969 365 1032 magno
388 968 497 1031 opere
520 949 689 1025 labefacti
713 958 843 1030 essent,
867 959 986 1012 tamen
1002 949 1149 1013 abbatia
1164 950 1298 1013 Montis
1314 950 1521 1013 Pannoniae
1546 951 1638 1014 duce
1654 951 1728 1014 iam
1747 971 1868 1014 mona-

125 1088 271 1153 sterium
285 1088 542 1172 Tymaviense,
558 1089 760 1170 Modrense,
778 1088 1063 1151 Comaromiense
1079 1088 1267 1152 restituere
1285 1097 1488 1171 coeperant,
1513 1109 1592 1153 cum
1610 1099 1777 1152 extremo
1800 1092 1868 1153 hoc

46 1218 49 1224 ’
125 1229 268 1292 saeculo
292 1230 418 1290 horum
442 1237 632 1291 conatuum
655 1227 736 1290 finis
759 1239 816 1291 est
837 1227 965 1292 factus.

254 1367 452 1448 Postquam
475 1367 545 1429 iam
574 1370 652 1446 1782
676 1375 762 1429 vota
785 1365 969 1429 sollemnia
997 1365 1075 1429 fieri
1103 1377 1140 1428 et
1168 1369 1246 1444 1783
1274 1365 1472 1429 novitiosos
1497 1365 1617 1448 excipi
1645 1366 1869 1448 prohibitum

125 1514 190 1586 est,
218 1508 297 1583 1786
321 1505 576 1587 archiabbatia,
600 1506 705 1568 Mons
728 1505 945 1587 Pannoniae,
969 1506 1143 1586 obpressa
1167 1514 1223 1568 est
1245 1515 1282 1567 et
1306 1525 1451 1567 cumea
1474 1504 1642 1568 abbatiae
1659 1525 1687 1568 s.
1705 1504 1869 1568 Mauritii

126 1643 248 1726 Beelii,
272 1646 306 1709 b.
330 1642 468 1707 Mariae
490 1643 682 1726 dedlkii,
707 1664 734 1707 s.
758 1643 892 1707 Aniani
915 1645 960 1707 de
984 1643 1108 1725 Tihan,
1133 1663 1159 1706 s.
1184 1643 1336 1706 Adriani
1365 1652 1402 1705 et
1428 1643 1644 1706 monasteria
1667 1645 1703 1706 b.
1729 1643 1869 1707 Mariae

124 1781 326 1864 Deakense,
343 1782 598 1865 Tyrnaviense,
615 1783 817 1864 Modrense,
835 1782 1121 1847 Comaromiense
1137 1784 1171 1864 ¹).
1213 1781 1317 1847 Szala
1334 1791 1371 1845 et
1386 1782 1551 1845 Telkium
1569 1783 1741 1846 abbatiae
1760 1785 1869 1867 solae,

124 1940 204 1984 cum
227 1921 442 1985 monasterio
459 1920 684 1985 Gottvicensi
708 1931 744 1984 et
760 1920 904 1985 Scotico
927 1922 1091 1984 adiectae
1114 1929 1245 2003 essent,
1269 1930 1469 2004 temporum
1485 1920 1630 1984 iniurias
1649 1919 1868 2005 effugerunt.

125 2058 211 2123 Cum
235 2061 408 2142 Iosephus
431 2061 475 2124 II.
511 2079 592 2140 1790
622 2069 781 2123 mortuus
813 2069 928 2142 esset,
960 2068 997 2124 et
1020 2060 1225 2142 Leopoldus
1247 2060 1291 2122 ΙΙ.
1324 2058 1437 2121 frater
1460 2060 1507 2121 ad
1530 2059 1718 2140 imperium
1746 2080 1878 2124 acces·

124 2197 248 2280 sisset,
281 2198 495 2261 monasteria
526 2200 669 2281 quidem
700 2198 837 2261 aboleri
867 2197 984 2261 desita
1014 2207 1113 2272 sunt;
1145 2217 1262 2279 neque
1292 2206 1412 2260 tamen
1436 2199 1631 2279 abrogatae
1656 2209 1742 2260 sunt
1767 2199 1879 2282 leges

123 2354 271 2400 severae
295 2345 419 2400 contra
443 2357 486 2400 ea
509 2338 614 2400 latae.
659 2337 821 2400 Tandem
850 2356 907 2399 res
938 2336 973 2399 in
1002 2335 1186 2399 laetiorem
1216 2345 1349 2399 statum
1377 2347 1514 2399 mutata
1545 2347 1616 2418 est,
1648 2356 1731 2399 cum
1757 2338 1879 2402 Fran·

124 2473 239 2538 ciscus
266 2475 321 2557 11,
353 2475 526 2558 Leopoldi
555 2475 663 2556 filius,
694 2494 843 2558 regnum
874 2475 1029 2558 adeptus
1060 2485 1166 2539 esset.
1209 2476 1244 2538 Is
1276 2475 1368 2537 enim
1402 2475 1718 2539 Benedictinorum
1751 2478 1876 2540 ordini

123 2613 279 2678 favebat.
311 2615 519 2696 Propterea,
543 2625 583 2677 ut
599 2634 720 2677 eorum
735 2633 902 2677 numerus
918 2623 1121 2698 augeretur,
1138 2613 1309 2696 permisit,
1333 2623 1373 2676 ut
1389 2624 1474 2676 vota
1491 2615 1676 2677 sollemnia
1691 2614 1879 2679 vicesimo

40 2783 47 2798 ·
123 2753 236 2834 primo
260 2753 390 2816 aetatis
414 2773 507 2816 anno
529 2752 607 2816 fieri
629 2755 763 2819 liceret.
796 2754 895 2817 Idem
919 2752 1135 2817 monasterio
1152 2752 1380 2817 Lambertino
1403 2751 1563 2834 pristinis
1579 2752 1707 2816 incolis
1724 2754 1879 2818 reddito

122 2891 158 2953 in
181 2891 369 2974 Hungaria
392 2912 535 2974 quoque
559 2892 718 2955 ordinem
741 2892 897 2957 restituit
913 2895 948 2975 ²).

139 3106 143 3113 Ι
252 3030 528 3114 Chrysostomus
548 3031 641 3095 enim
658 3033 772 3095 abbas
789 3034 833 3094 de
850 3033 947 3116 Beel,
972 3033 1032 3114 qui
1048 3031 1194 3096 abbatia
1211 3052 1275 3095 sua
1292 3030 1466 3095 dissoluta
1489 3039 1637 3114 propter
1661 3030 1879 3095 doctrinam

31 3216 35 3221 .
123 3170 306 3254 ,superior
329 3170 510 3233 districtus
537 3170 684 3234 literarii
708 3172 1102 3254 Quinqueecclesiensis
1131 3172 1329 3236 studiorum
1358 3171 1513 3234 director
1540 3170 1607 3233 fuit
1636 3170 1879 3234 11011111111110ω

120 3309 240 3373 multis
263 3309 525 3391 impedimentis
556 3311 735 3391 superatis
765 3311 909 3374 tandem
940 3331 962 3374 a
988 3310 1181 3374 Francisco
1212 3310 1426 3392 imperatore
1455 3316 1532 3372 1802
1569 3308 1795 3393 impetravit,
1829 3318 1879 3372 ut

120 3449 225 3511 Mons
248 3448 456 3512 Pannoniae
480 3448 516 3511 in
540 3449 717 3531 integrum
740 3448 990 3513 restitueretur
1013 3469 1093 3512 cum
1117 3450 1279 3512 omnibus
1303 3448 1438 3511 iuribus
1468 3456 1505 3510 et
1529 3447 1741 3528 commodiS,
1774 3466 1879 3529 quae

120 3595 226 3649 antea
249 3588 434 3668 habuerat,
459 3585 607 3668 eiusque
630 3585 794 3649 societati
817 3587 984 3650 abbatiae
1008 3588 1053 3651 de
1070 3587 1167 3670 Beel,
1191 3587 1356 3668 Dbmiilk,
1373 3587 1488 3649 Tihan
1512 3584 1809 3649 adscriberentur
1833 3592 1879 3649 01

118 3727 334 3789 monasteria
357 3726 601 3808 Tyrnaviense
625 3737 662 3788 et
685 3724 971 3789 Comaromiense
994 3726 1238 3797 redderentur,
1262 3724 1312 3787 ita
1335 3734 1465 3806 tamen,
1489 3733 1528 3786 ut
1552 3724 1629 3786 eius
1654 3725 1805 3787 sodales
1830 3725 1879 3787 in

119 3866 243 3928 decem
266 3864 463 3948 gymnasiis
486 3885 613 3928 munus
637 3864 790 3928 docendi
812 3865 1048 3946 susciperent.
1094 3865 1220 3945 Itaque
1243 3866 1339 3927 latus
1363 3883 1510 3945 campus
1540 3872 1688 3944 apertus
1714 3872 1773 3926 est
1796 3863 1879 3926 vir·

119 4003 187 4066 tuti
209 4003 351 4085 ordiniS,
377 4023 447 4084 qua
469 4004 590 4084 paullo
613 4012 697 4085 post
719 4023 834 4067 novae
857 4003 1073 4080 residentiae
1103 4013 1142 4067 ut
1164 4002 1390 4083 laurinensis
1425 3999 1687 4081 Soproniensis,
1724 4000 1879 4084 Strigo·

119 4141 263 4223 niensis,
288 4140 499 4223 GinsiensiS,
523 4141 700 4223 Papensis
724 4151 930 4205 exstructae
955 4152 1038 4206 sunt
1051 4143 1086 4222 ³).

249 4281 365 4344 Etiam
389 4281 643 4344 monasterium
667 4280 914 4364 Sanpaulense
938 4301 985 4344 ex
1007 4281 1119 4362 ruina,
1144 4299 1235 4361 quae
1259 4279 1500 4361 impendebat,
1525 4278 1735 4342 resurrexit.
1776 4277 1879 4343 Cum

120 4419 211 4482 enim
236 4440 282 4482 ex
312 4439 404 4500 pace
426 4419 569 4502 infelici,
594 4440 686 4502 quae
710 4420 801 4485 inter
823 4419 1008 4482 Austriam
1031 4429 1068 4482 et
1091 4418 1244 4481 Galliam
1273 4415 1420 4480 Posonii
1448 4419 1526 4478 1805
1552 4416 1741 4497 convenit,
1774 4416 1875 4480 anti·

120 4558 326 4638 quissimum
350 4559 601 4622 monasterium
625 4559 774 4623 liberum
798 4581 825 4622 s.
849 4559 961 4622 Blasii
992 4559 1027 4621 in
1055 4557 1154 4622 Silva
1177 4559 1288 4640 Nigra
1321 4577 1401 4619 eum
1432 4554 1723 4636 possessionibus
1748 4556 1864 4620 archi-

119 4697 263 4758 ducatui
286 4697 443 4759 Badensi
468 4697 686 4760 adtributum
710 4707 816 4780 esset,
840 4698 953 4759 abbas
976 4698 1144 4778 princeps
1168 4695 1384 4757 Bertholdus
1404 4693 1549 4756 Rottler
1573 4713 1654 4755 cum
1678 4695 1858 4776 plerisque

119 4834 266 4896 fratrum
302 4840 379 4912 1807
413 4836 449 4896 in
482 4835 664 4897 Austriam
696 4856 735 4897 se
767 4834 916 4898 contulit
951 4835 1071 4916 ibique
1107 4835 1257 4915 primum
1290 4831 1540 4894 monasterium
1572 4830 1783 4912 Hospitium
1816 4834 1852 4895 ad

120 4973 226 5054 I’yrn,
255 4977 334 5050 1809
358 4971 603 5054 Sanpaulense
628 4973 816 5054 10000114).

250 5294 271 5371 ¹)
295 5295 403 5349 Czinar
428 5294 445 5349 l.
472 5314 496 5349 0.
522 5297 543 5350 l.
638 5294 660 5373 ²)
685 5294 770 5352 Wolf
791 5295 808 5348 l.
835 5313 860 5348 0.
907 5291 929 5368 3)
955 5294 1062 5349 Czinar
1086 5294 1103 5348 l.
1128 5315 1154 5349 0.

250 5403 273 5483 ⁴)
297 5404 425 5471 Schrnll‚
451 5404 495 5461 St.
522 5407 609 5472 l'aul;
635 5408 723 5471 Pritz,
749 5404 934 5461 Geschichte
958 5424 1017 5459 von
1042 5405 1138 5480 Spital
1162 5425 1209 5461 am
1234 5407 1322 5478 Pyrn.
