4034 6262
141 108 335 182 sollerter
349 118 397 162 an
413 97 647 179 neglegenter
662 93 899 167 administret;
920 113 1004 156 num

146 221 353 301 solvendis
367 217 562 284 contractis
574 215 704 280 debitis
713 235 778 297 par
786 235 867 278 esse
881 223 1003 296 queat3

150 368 267 423 num
279 353 348 409 tuto
364 343 417 405 illi
434 342 602 422 deinceps
618 338 770 421 pecunia
781 358 847 420 pro
858 339 1003 401 foenore

157 468 280 541 credi
291 465 410 550 possit,
426 464 578 546 aliaque.
601 461 702 545 Quae
723 461 866 542 quidem
887 454 1005 523 omriia

166 589 318 671 domini,
337 588 561 651 subditorum
576 594 613 649 et
627 584 890 648 foeneratorum
911 602 1005 645 com·

173 714 287 781 modo
310 719 408 774 erant
433 710 525 772 adeo
549 707 722 789 evidenti,
746 716 785 769 ut
808 705 1004 768 vicinorum

179 835 371 920 principum
384 831 518 896 subditi
530 850 652 913 parem
665 827 927 911 providentiam
937 827 1005 889 sibi

186 960 308 1021 frustra
335 962 577 1037 peroptarent.
612 952 769 1015 Paterna
799 950 881 1012 dein
912 969 1005 1012 conr-

190 1080 398 1142 miseratione
423 1096 511 1159 erga
535 1075 699 1157 pupillos,
725 1092 873 1155 quorum
897 1071 1005 1155 patri-

191 1200 328 1263 monium
353 1199 563 1281 saepissime
588 1196 722 1260 incuria
745 1205 900 1259 tutorum
925 1213 1005 1276 pes-

192 1321 296 1403 sumit,
317 1322 373 1405 pie
396 1321 526 1403 sanxit,
551 1330 591 1383 ut
611 1322 706 1381 bona
729 1312 943 1400 pupillorum
969 1315 1005 1377 in

190 1440 302 1507 fiscum
312 1444 492 1526 publicum
505 1462 571 1524 pro
583 1441 729 1504 foenore
743 1442 926 1503 elocentur
939 1440 1004 1500 sub

189 1567 291 1627 tutela
303 1565 499 1649 quaestoris
512 1563 671 1627 Blasioni
684 1563 719 1625 in
732 1561 926 1643 Bonndorf,
943 1563 1005 1623 do-

186 1702 243 1747 nec
259 1689 382 1771 pupilli
402 1686 634 1768 adoleverint,
656 1695 693 1748 et
715 1686 821 1748 rebus
842 1683 915 1747 suis
935 1682 1004 1765 ipsi

184 1813 380 1891 prospicere
416 1809 565 1892 possint.
603 1806 774 1871 Similiter
808 1806 929 1869 sanxit
959 1807 1004 1867 de

181 1924 279 1993 bonis
296 1931 539 1997 haereditariis
556 1929 808 1992 miserabilium
825 1939 861 1992 et
877 1930 1005 1991 absen-

178 2045 273 2135 tium,
292 2066 329 2118 ut
339 2074 423 2119 vere
437 2064 533 2117 tutor
545 2063 581 2116 et
593 2063 697 2134 pater
709 2051 923 2133 pupillorum
936 2049 1005 2112 dici

176 2178 340 2244 P0tuerit.
353 2176 550 2240 Maximum
562 2194 648 2237 vero
661 2193 752 2256 opus
765 2172 910 2255 pietatis
924 2174 1004 2234 cha-

175 2287 339 2361 ritatisve
354 2317 550 2382 aggressus
567 2307 632 2378 est,
649 2297 844 2376 condendo,
856 2314 1005 2358 venera·

172 2407 232 2473 bili
246 2421 407 2504 capitulo
419 2419 678 2485 San-Blasiano
690 2418 919 2499 assentiente,
932 2437 1005 2479 am·

171 2529 272 2608 Plum
291 2543 464 2625 hospitale
480 2542 516 2604 in
532 2540 725 2623 Bonndorf,
747 2542 792 2602 ad
810 2539 909 2602 cuius
925 2559 1004 2621 per-

170 2664 322 2729 petuam
336 2664 631 2728 sustentationem
654 2668 760 2726 80000
781 2661 934 2726 florenos
958 2681 1005 2724 ex

170 2790 193 2833 s·
216 2775 336 2850 Blasii
358 2787 592 2868 proventibus
616 2787 828 2867 devovebat,
852 2784 1004 2847 subditis

169 2900 314 2972 tantum
333 2929 417 2990 9000
434 2908 712 2973 conferentibus:
728 2908 836 2989 idque
853 2928 900 2970 ex
916 2909 1004 2988 dup-

170 3016 259 3094 plici
277 3030 353 3116 fine,
370 3042 409 3095 ut
421 3031 555 3095 subditi
567 3040 696 3112 aetate,
710 3030 934 3113 aegritudine
947 3030 1005 3091 vel

170 3134 300 3227 inopia
320 3155 443 3237 pressi,
471 3164 533 3218 aut
559 3157 795 3217 membrorum
817 3162 916 3215 recto
939 3171 1004 3215 usu

171 3257 346 3359 destituti,
366 3278 529 3358 adeoque
550 3275 635 3359 pani
657 3276 827 3338 lucrando
851 3275 1005 3355 impares

171 3378 325 3461 honeste
337 3408 630 3480 sustentarentur,
648 3408 684 3461 et
699 3408 739 3461 ut
754 3399 854 3461 locus
870 3398 937 3461 iste
955 3398 1005 3460 in-

1083 94 1235 158 aedificii
1261 94 1418 177 lapidem
1444 95 1574 178 posuit.
1608 97 1697 160 Post
1724 94 1916 159 triennium

1083 219 1251 300 aedibus,
1282 217 1493 281 utensilibus
1523 219 1672 300 aliisque
1703 217 1915 281 necessariis

1083 343 1150 405 rite
1171 341 1353 423 dispositis
1377 341 1435 403 die
1464 362 1511 420 14.
1527 341 1617 405 Nou.
1638 346 1718 421 1784
1739 340 1915 423 primitias

1084 463 1134 546 pii
1156 463 1319 544 instituti,
1347 465 1471 526 decem
1493 482 1671 545 pauperes
1696 474 1732 527 et
1756 464 1915 545 miseros,

1084 586 1229 668 publica
1248 585 1477 667 processione
1501 604 1520 647 e
1543 585 1738 667 parochiali
1762 585 1916 648 ecclesia

1085 728 1127 770 eo
1144 707 1351 790 introduxit,
1375 707 1478 771 simul
1499 708 1668 771 sacellum
1691 707 1916 770 inhonorem

1084 850 1111 893 S.
1127 830 1309 893 Laurentii
1325 829 1414 894 diac.
1431 839 1467 892 et
1483 840 1583 894 mart.
1601 830 1833 911 consecravit,
1855 849 1916 891 an·

1084 973 1155 1015 nua
1175 953 1321 1034 insuper
1340 953 1623 1015 remuneratione
1644 952 1683 1014 P.
1701 953 1740 1015 P.
1757 951 1917 1014 Paulinis

1085 1075 1270 1157 promissa,
1294 1086 1334 1139 ut
1356 1095 1447 1138 unus
1471 1094 1592 1137 eorum
1615 1074 1765 1157 singulis
1789 1073 1917 1136 diebus

1086 1198 1270 1261 dominicis
1287 1209 1322 1261 et
1338 1198 1478 1261 festivis
1494 1199 1529 1260 in
1546 1199 1678 1260 sacello
1699 1217 1801 1260 sacra
1821 1197 1917 1259 face·

1084 1330 1149 1401 ret,
1171 1331 1207 1383 et
1226 1320 1399 1402 praelecti
1423 1320 1622 1402 evangelici
1645 1320 1820 1402 segmenti
1844 1339 1917 1381 mo-

1084 1442 1149 1505 rali
1166 1442 1405 1525 explicatione
1421 1443 1557 1504 incolas
1573 1443 1680 1504 rudes
1696 1444 1916 1523 plerumque,

1083 1566 1175 1627 male
1192 1566 1373 1646 educatos,
1390 1564 1530 1627 infimae
1542 1565 1658 1646 plebis
1670 1565 1841 1647 homineS,
1855 1564 1916 1646 qui

1085 1688 1271 1750 ecclesiam
1288 1687 1528 1770 parochialem
1544 1687 1642 1749 adire
1664 1706 1735 1749 non
1756 1698 1915 1769 possent,

1083 1811 1283 1892 instrueret,
1312 1819 1348 1872 et
1373 1811 1419 1872 ad
1444 1811 1655 1871 servandam
1679 1810 1915 1889 concordiam,

1083 1933 1293 2014 patientiam
1305 1931 1465 2013 aliasque
1477 1931 1628 1994 virtutes
1641 1932 1809 1993 colendas
1822 1950 1915 1993 com-

1084 2065 1255 2136 moneret,
1280 2074 1373 2136 quae
1393 2055 1459 2116 hoc
1479 2053 1660 2116 hominum
1681 2073 1795 2136 genus
1812 2054 1915 2115 dece-

1084 2188 1173 2242 rent.
1196 2178 1373 2240 Numerus
1389 2177 1583 2239 incolarum
1603 2175 1707 2238 huius
1727 2174 1916 2256 hospitalis

1084 2299 1121 2362 in
1147 2299 1224 2362 dies
1247 2301 1457 2382 augebatur.
1487 2296 1613 2380 (Grata
1636 2298 1829 2380 posteritas
1854 2299 1916 2358 ab·

1083 2423 1204 2484 batem
1220 2421 1412 2484 Martinum
1427 2440 1520 2483 anno
1541 2423 1621 2483 1856
1641 2419 1773 2502 insigni
1793 2437 1916 2481 monu-

1085 2556 1201 2608 mento
1217 2546 1252 2608 in
1270 2545 1345 2607 eius
1362 2543 1565 2607 memoriam
1585 2543 1621 2605 in
1638 2542 1825 2604 Bonndorf
1844 2543 1916 2604 col-

1083 2670 1201 2731 locato
1218 2668 1326 2750 digne
1342 2666 1543 2740 honoravit3
1566 2676 1602 2728 et
1622 2685 1714 2728 anno
1736 2670 1815 2727 1808
1837 2674 1916 2727 tota

1084 2791 1211 2853 civitas
1228 2789 1508 2853 Bonndorfensis
1525 2791 1652 2851 eodem
1672 2799 1777 2871 grato
1797 2787 1915 2851 animo

1084 2912 1301 2976 sollemniter
1336 2910 1530 2974 celebravit
1559 2911 1753 2993 benignam
1784 2930 1915 2985 curam,

1085 3055 1155 3117 qua
1171 3044 1254 3097 ante
1272 3045 1413 3097 centum
1429 3054 1541 3096 annos
1557 3033 1681 3095 fiscum
1705 3033 1740 3094 in
1762 3031 1916 3113 gratiam

1084 3157 1297 3240 pupillorum
1323 3156 1559 3237 fundaverat.)
1590 3156 1701 3218 Porro
1733 3154 1839 3216 etiam
1870 3154 1915 3215 de

1085 3280 1273 3362 abigendis
1296 3279 1506 3361 perniciosis
1526 3277 1751 3360 vagabundis
1774 3296 1793 3337 e
1815 3276 1916 3337 terri-

1084 3402 1176 3465 torio
1199 3422 1279 3483 su0,
1308 3402 1352 3463 de
1376 3401 1595 3482 inquirendis
1622 3410 1658 3462 et
1685 3398 1916 3461 sublevandis

176 3515 327 3583 serviret
341 3524 387 3584 ad
407 3521 607 3604 puniendos
629 3530 665 3583 et
687 3520 916 3603 corrigendos
935 3519 1005 3583 for·
1084 3525 1256 3588 mendicis
1284 3535 1319 3587 et
1347 3524 1490 3587 sinistra
1518 3523 1660 3586 fortuna
1688 3521 1723 3583 in
1751 3529 1915 3602 egestate

177 3620 1005 3727 picariosprodigos,inoboedientes,aliisvitiis
1045 3678 1048 3741 ,
1085 3648 1311 3731 degentibus,
1335 3657 1371 3710 et
1395 3647 1629 3728 quoadusque
1651 3644 1801 3726 quodvis
1822 3664 1915 3705 eom.

183 3746 336 3827 ¹¹¹fames
352 3766 487 3848 Utique
500 3766 568 3828 iam
582 3776 789 3829 antecessor
800 3766 1005 3828 Meinradus
1045 3748 1048 3789 ἶ
1085 3791 1190 3833 mune
1202 3789 1380 3851 pauperes
1396 3768 1451 3830 sui
1467 3768 1534 3830 loci
1547 3768 1643 3829 alere
1656 3776 1845 3845 teneretur,
1860 3786 1915 3827 sa-

186 3862 224 3928 (Ῑθ
249 3884 417 3951 eiusmodi
441 3888 603 3951 instituto
626 3888 858 3971 cogitaverat,
883 3907 1006 3951 verum
1045 3914 1047 3961 5
1085 3892 1225 3974 pienter
1239 3891 1430 3973 spraecepit
1454 3901 1489 3951 et
1506 3889 1680 3971 benigne!
1703 3889 1756 3950 Ne
1777 3898 1916 3970 patres-

189 4004 294 4069 mortu
310 4021 523 4091 praeventus
543 4011 741 4074 successori
756 4011 911 4074 Martino
926 4011 1005 4073 reli·
1044 4060 1047 4079 .
1084 4012 1236 4076 familias
1253 4012 1417 4074 incendio
1434 4011 1574 4073 aedium
1590 4005 1699 4092 atque
1712 4010 1916 4092 supellecti-

196 4114 271 4204 lust,
286 4141 319 4194 ut
333 4131 531 4215 perficeret.
555 4133 601 4196 Et
616 4151 742 4195 revera
757 4142 840 4213 post
855 4132 1005 4196 feliciter
1044 4102 1047 4233 i
1084 4135 1128 4197 lis
1137 4136 1183 4197 ad
1192 4144 1389 4196 extremum
1402 4133 1543 4214 inopiae
1553 4133 1724 4215 venirent,
1738 4133 1806 4195 illis
1816 4132 1915 4195 auxi-

122 4320 125 4331 ,
199 4245 358 4318 restitutas
374 4275 403 4319 S.
419 4255 532 4318 Blasii
547 4256 666 4337 aedes,
683 4265 720 4317 et
734 4255 873 4318 felicius
889 4256 1005 4318 adhuc
1044 4272 1046 4279 '
1084 4259 1168 4321 lium
1184 4258 1377 4337 adlaturus
1397 4255 1490 4318 inter
1510 4256 1672 4317 subditos
1695 4255 1837 4317 ditionis
1854 4255 1916 4316 im-

122 4410 125 4436 =
204 4376 408 4453 ⁰0¹np0sitam
438 4398 517 4440 cum
545 4378 771 4441 serenissima
799 4380 903 4440 domo
929 4378 1004 4440 Au·
1043 4380 1046 4453 !
1084 4379 1174 4462 perii
1190 4376 1458 4440 saluberrimam
1471 4377 1678 4440 societatem
1691 4377 1863 4455 fundavit,
1877 4388 1916 4440 ut

122 4462 129 4505 l

205 4486 306 4561 striata
326 4499 575 4582 gravissimam
598 4500 706 4581 litem,
733 4499 769 4562 in
793 4510 1005 4581 perpetuum

203 4617 403 4695 gratitudinis
418 4641 506 4705 erga
516 4623 632 4685 Deum
645 4630 911 4685 monumentum
927 4622 1004 4684 fun·
1043 4694 1046 4708 1

199 4738 264 4802 dare
283 4744 409 4807 statuit
433 4744 518 4806 illud
543 4744 730 4826 hospitale.
761 4745 831 4807 Die
855 4765 905 4822 29.
929 4745 1004 4806 Iun.

196 4865 257 4941 1781
279 4868 396 4929 abbas
417 4864 593 4928 Martinus
618 4865 834 4928 sollemniter
855 4864 1004 4946 primum
1045 4922 1047 4927 .

1084 4521 1130 4564 ex
1146 4499 1306 4582 pecuniis
1322 4494 1388 4579 p'ro
1404 4509 1483 4562 rata
1503 4508 1604 4581 parte
1621 4502 1667 4561 ab
1684 4499 1847 4561 omnibus
1864 4498 1915 4560 in-

1085 4623 1172 4686 colis
1188 4620 1381 4683 numeratis
1398 4631 1498 4685 tanta
1511 4641 1646 4683 summa
1658 4623 1915 4702 subrogaretur

1085 4744 1144 4827 illi,
1162 4744 1220 4826 qui
1237 4744 1403 4805 damnum
1420 4763 1549 4826 passus
1562 4753 1626 4825 est,
1641 4754 1773 4825 quanta
1783 4752 1916 4822 aequat

1086 4865 1239 4947 pretium
1260 4865 1399 4928 aedium
1422 4868 1694 4930 combustarum.
1722 4866 1916 4928 Praeterea

1660 4974 1690 5021 10
