4088 6270
838 532 880 541 —
927 493 1066 558 CXVII
1101 533 1152 568 ,-

155 740 185 786 et
202 743 239 785 ex
260 732 360 805 parte
384 722 621 804 perfecerunt.
653 722 708 785 Ex
724 724 924 787 Armenicis
948 722 1101 803 denique
1124 722 1308 785 sodalibus
1323 721 1558 784 Hunanianus
1575 719 1708 783 Paulus
1730 739 1861 802 magna

157 864 294 928 historiae
317 862 522 945 cognitione
546 863 687 927 eminet.

258 1002 392 1085 Neque,
409 1022 501 1084 quae
518 1002 726 1085 disciplinae
739 1023 817 1067 cum
835 1003 982 1065 historia
994 1004 1185 1065 cohaerent
1200 1003 1247 1065 ad
1264 1012 1375 1064 artem
1388 1001 1677 1083 geographicam,
1694 1001 1861 1062 archaeo·
1939 977 1945 986 ⁸

165 1145 291 1226 logicam,
314 1142 549 1224 geologicam,
572 1142 853 1205 numismaticam
877 1151 1093 1226 spectantes,
1117 1164 1138 1206 a
1155 1141 1398 1205 Benedictinis
1415 1141 1553 1202 alienae
1570 1151 1680 1202 erant.
1713 1137 1858 1203 Summa

167 1283 240 1344 laude
264 1282 372 1364 digna
404 1292 503 1362 sunt,
538 1301 629 1363 quae
664 1282 882 1364 scripserunt
915 1283 1088 1364 Iosephus
1119 1280 1369 1363 Schaukoegel
1401 1278 1709 1343 Seitenstettensis
1740 1296 1858 1360 opere,

169 1421 234 1500 quod
254 1439 355 1502 ,ager
378 1419 632 1501 Billunganus“
657 1420 875 1492 inscribitur;
899 1420 1084 1483 Florianus
1108 1420 1281 1483 Wimmer
1304 1418 1594 1490 Cremifanensis;
1627 1416 1859 1480 Carlmannus

169 1558 226 1620 Ilor
245 1556 509 1639 Sanpaulensis;
540 1558 776 1620 numismatici
799 1558 985 1622 Florianus
1012 1559 1148 1622 Romer
1178 1561 1222 1620 de
1253 1557 1376 1622 Monte
1407 1557 1631 1623 Pannoniae:
1663 1555 1861 1617 Norbertus

169 1697 292 1759 Dechant
314 1695 508 1760 Scotensis

259 1835 360 1898 Nova
383 1836 531 1916 ratione,
555 1854 626 1916 qua
649 1836 830 1918 theologia
853 1846 890 1898 et
911 1836 1059 1899 historia
1082 1838 1342 1917 tractabantur,
1367 1835 1485 1898 studia
1507 1836 1708 1917 linguarum
1731 1853 1860 1916 magno

170 1991 244 2051 opere
269 1987 373 2036 aucta
405 1975 590 2057 magisque
614 1995 720 2056 quam
750 1987 856 2037 antea
886 1974 981 2036 culta
1012 1983 1102 2036 sunt.
1149 1975 1328 2038 Praeclari
1359 1985 1441 2036 sunt
1472 1973 1624 2036 Czuczor
1655 1970 1861 2054 Gregorius

171 2107 295 2173 Guzmics
310 2112 478 2191 Isidorus,
491 2113 520 2175 F
522 2113 657 2197 oitenyi
670 2111 870 2193 Cassianus,
887 2113 1101 2176 Bertholdus
1117 2112 1249 2175 Habak
1264 2132 1284 2174 e
1300 2113 1423 2174 Monte
1438 2111 1653 2190 Pannoniae,
1674 2111 1732 2190 qui
1749 2109 1862 2170 Hora-

169 2249 227 2312 tium
240 2262 271 2314 et
284 2251 459 2331 Tacitum,
475 2251 667 2313 Homerum
685 2261 720 2315 et
737 2250 951 2333 Sophoclem
967 2252 1002 2314 in
1018 2253 1175 2334 linguam
1191 2252 1432 2334 Hungaricam
1457 2260 1717 2329 converterunt,
1742 2268 1861 2310 eorum

170 2387 261 2452 fratres
283 2392 434 2455 Iacobus
457 2391 648 2474 Ferenczy,
673 2391 824 2453 Alexius
850 2390 997 2474 GulgaS,
1021 2390 1094 2453 Leo
1109 2393 1267 2472 Kuncze,
1293 2391 1352 2473 qui
1376 2390 1517 2471 scriptis
1541 2391 1586 2451 ad
1609 2401 1720 2451 artem
1744 2407 1861 2469 gram·

169 2529 293 2592 naticam
317 2542 354 2592 et
376 2529 558 2593 historiam
587 2530 784 2593 litterarum
812 2531 1059 2613 spectantibus
1082 2550 1210 2594 nomen
1234 2531 1301 2592 sibi
1324 2530 1502 2602 fecerunt;
1526 2529 1659 2591 Paulus
1682 2527 1861 2591 Hofmann

169 2662 322 2746 Scotensis,
339 2670 400 2750 qui
416 2668 542 2731 studiis
558 2669 701 2751 linguae
718 2668 957 2733 Sanscriticae
973 2669 1162 2750 praestitit,
1178 2669 1252 2731 Leo
1267 2669 1488 2732 Petemader
1507 2679 1544 2730 et
1558 2667 1713 2729 Mathias
1729 2666 1863 2728 Hoefer

170 2799 423 2887 Cremisanenses,
448 2826 596 2887 quorum
613 2806 709 2887 prior
731 2808 874 2890 linguae
899 2805 1070 2888 Graecae,
1094 2808 1271 2889 posterior
1294 2806 1528 2870 Germanicae
1551 2807 1694 2868 studuit.
1730 2805 1863 2887 Magna

170 2942 243 3006 etiam
264 2944 443 3009 Armenici
465 2946 599 3008 ordinis
622 2947 763 3009 sodales
788 2945 992 3027 effecerunt,
1016 2957 1053 3009 et
1076 2966 1168 3028 quae
1192 2946 1410 3028 scripserunt
1432 2945 1658 3028 Angnianus
1679 2945 1863 3021 Arsenius

170 3075 369 3162 Casparianus
380 3085 507 3166 Minas,
518 3083 773 3148 Caterdschian
784 3084 967 3167 Iosephus,
977 3084 1236 3147 Caracaschian
1246 3084 1411 3165 MathiaS,
1423 3084 1558 3166 Bosagi
1569 3084 1731 3164 Iacobus,
1741 3083 1864 3146 Devri-

171 3220 257 3285 schian
271 3223 489 3305 Seraphinus
510 3224 545 3286 in
570 3224 722 3306 optimiS,
748 3244 838 3305 quae
855 3224 1054 3304 composita
1070 3234 1151 3285 sunt
1167 3223 1202 3286 in
1218 3222 1342 3305 lingua
1358 3223 1559 3303 Armenica,
1582 3225 1748 3306 ponenda
1772 3234 1862 3285 sunt.

262 3362 311 3425 Ea
335 3373 455 3426 aetate
479 3373 516 3425 et
538 3363 730 3445 praecipue
754 3362 884 3426 nostris
907 3362 1128 3445 temporibus
1153 3361 1340 3444 disciplina
1366 3362 1617 3424 mathematica
1641 3373 1676 3424 et
1704 3362 1864 3424 doctriua

170 3500 318 3580 naturalis,
353 3501 527 3563 liberatae
557 3521 578 3562 a
608 3502 710 3583 gravi
741 3501 975 3587 scholasticae
1005 3500 1254 3583 philosophiae
1284 3501 1319 3563 vi
1327 3549 1336 3582 ,
1373 3503 1416 3563 de
1450 3501 1590 3584 integro
1625 3499 1863 3563 effloruerunt.

170 3626 322 3702 Plurimum
346 3658 432 3701 vero
456 3641 597 3701 sodales
621 3638 904 3703 Cremifanenses
928 3639 1110 3703 consecuti
1133 3653 1232 3721 sunt,
1266 3660 1355 3721 quos
1385 3641 1455 3703 iam
1482 3641 1626 3703 ineunte
1656 3642 1721 3702 hac
1745 3649 1864 3703 aetate

171 3775 216 3835 arii
232 3781 394 3862 physicae
417 3799 561 3860 operam
586 3781 727 3843 dedisse
751 3782 908 3843 themata
924 3782 1087 3843 conlecta
1103 3783 1124 3861 Ι)
1149 3782 1403 3859 demonstrant,
1428 3799 1520 3860 quae
1543 3780 1589 3841 ad
1605 3790 1760 3841 nostram
1784 3798 1863 3860 per-

171 3925 304 3980 venerunt
319 3919 533 3981 memoriam.
565 3919 619 3981 Ibi
643 3921 687 3981 de
710 3920 925 3983 astronomia
941 3921 1176 4001 scripserunt:
1200 3920 1368 3982 Placidus
1384 3918 1614 3998 Fixlmillner,
1638 3918 1731 3980 idem
1748 3919 1864 3979 clarus

172 4057 327 4138 canonista,
351 4059 514 4140 quicum
538 4058 741 4121 clarissimis
764 4059 799 4121 in
823 4061 947 4122 eodem
971 4079 1103 4143 genere
1127 4060 1352 4122 versantibus
1375 4057 1474 4137 viris,
1503 4055 1747 4120 Maximiliano
1770 4056 1863 4132 Heli,

172 4201 335 4259 astronomo
359 4216 452 4260 caes,
476 4216 550 4279 reg.
575 4199 677 4260 aulae
692 4198 990 4280 Vindobonensis,
1014 4199 1147 4261 Ioanne
1164 4197 1346 4260 Bemoulli
1369 4197 1516 4278 eiusque
1540 4214 1745 4259 successore
1762 4195 1863 4257 Bode

173 4331 242 4409 regio
262 4346 461 4398 astronomo
484 4334 717 4416 Berolinensi,
742 4337 836 4399 dela
853 4337 974 4400 Laude
997 4357 1072 4420 reg.
1091 4347 1222 4400 astron.
1237 4336 1442 4417 Parisiensi,
1465 4335 1544 4398 aliis
1568 4355 1633 4398 usu
1658 4334 1865 4397 coniunctus

172 4459 217 4528 fuit
241 4486 273 4534 et
305 4492 430 4556 opere:
464 4475 538 4556 „De
573 4473 701 4538 effectu
737 4476 987 4555 aberrationis,
1019 4476 1101 4537 dum
1136 4476 1281 4556 planeta
1317 4474 1461 4537 inferior
1493 4484 1574 4538 ante
1607 4475 1741 4536 discum
1771 4473 1864 4538 Solis

173 4600 323 4674 visibiliter
345 4612 505 4675 transiit“
529 4614 608 4676 aliis
631 4615 828 4678 rationibus
852 4617 896 4677 de
920 4616 1118 4697 planetaria
1141 4615 1281 4678 luminis
1305 4615 1529 4677 aberratIone
1556 4615 1649 4677 idem
1679 4632 1864 4696 argumen-

174 4748 241 4809 tatus
266 4763 328 4832 est,
360 4753 456 4833 quod
487 4753 701 4816 clarissimus
725 4752 823 4816 Gaus
847 4754 881 4816 in
905 4754 1012 4818 libro:
1047 4755 1218 4834 „Theoria
1248 4765 1365 4817 motus
1395 4774 1428 4816 n.
1454 4756 1513 4832 71“
1546 4764 1618 4816 tam
1650 4765 1773 4833 aperte
1805 4754 1865 4814 de·

175 4872 269 4961 inivit;
301 4890 516 4953 Thaddaeus
550 4890 761 4974 Derfiinger,
797 4892 1003 4976 Bpnifacius
1034 4891 1417 4970 Schwarzenbrunner‚
1452 4892 1512 4973 qui
1547 4891 1652 4953 etiam
1688 4891 1724 4952 in
1757 4891 1864 4952 rebus

177 5012 439 5042 N————

270 5110 289 5188 ¹)
312 5111 476 5168 Fellocker
498 5110 517 5167 l.
534 5131 560 5167 e.
585 5111 618 5167 ln
642 5114 798 5186 gymnasio
816 5111 1030 5169 Cremilanensi
1055 5115 1215 5187 quotannis
1239 5112 1399 5169 sollemnes
1423 5113 1641 5188 disputationes
1665 5109 1805 5187 publicae
1828 5110 1865 5166 de

176 5208 303 5296 theologia,
319 5227 392 5292 iure,
417 5224 609 5300 philosophia
631 5224 803 5281 celebratae
819 5237 896 5291 sunt,
920 5226 957 5280 ad
974 5244 1050 5300 quas
1067 5225 1280 5300 chalcographi
1297 5242 1422 5299 magnas
1438 5225 1583 5299 imagines
1599 5224 1744 5280 historiae
1760 5242 1866 5279 sacrae

176 5336 209 5381 ‘Q
219 5339 398 5406 gravissimas
415 5352 680 5413 repraesentantes
695 5336 928 5413 praeparabant,
953 5334 1062 5411 quibus
1078 5336 1153 5393 infra
1169 5340 1290 5393 nomina
1305 5336 1464 5411 praesidis,
1489 5335 1686 5404 defendentis,
1704 5336 1865 5391 thematum

176 5442 230 5513 tillis
247 5447 497 5507 adscribebantur.
