4088 6270
982 510 1023 518 -
1070 473 1184 535 XXII
1228 509 1269 518 —

251 699 552 762 missionariorum
575 699 675 783 fungi
697 699 808 762 voluit
824 701 856 778 ¹).
900 699 959 760 Ad
982 700 1048 760 hos
1071 699 1171 761 multi
1194 699 1253 761 alii
1281 711 1527 778 accesserunt,
1559 699 1593 760 in
1625 699 1753 780 quibus
1778 697 1984 761 Guntherus

254 839 402 902 eremita
416 839 438 919 2)
463 849 500 901 et
523 859 550 902 s.
575 836 766 918 Gerardus,
791 837 924 900 sodalis
947 839 1153 900 monasterii
1176 858 1203 902 s.
1229 836 1375 921 Georgii
1401 837 1542 916 Veneti,
1573 837 1769 918 principem
1792 838 1908 900 locum
1933 839 1990 899 ob-

252 978 376 1040 tinent.
415 977 480 1038 Illo
508 986 654 1039 auctore
684 996 748 1038 rex
777 976 946 1039 extremis
974 976 1072 1039 vitae
1103 977 1230 1039 diebus
1260 978 1441 1040 abbatiam
1475 997 1502 1040 s.
1529 977 1687 1039 Mauritii
1718 978 1763 1039 de
1791 976 1992 1059 Bakonybil

254 1114 457 1178 aedificavit
471 1116 506 1195 ³).
544 1115 613 1177 Hic
636 1134 787 1197 magnus
803 1114 858 1177 vir
878 1114 1007 1196 partim
1024 1115 1059 1177 in
1075 1115 1291 1178 monasterio
1308 1135 1383 1197 suo,
1408 1115 1538 1197 partim
1560 1115 1596 1177 in
1621 1114 1805 1178 itineribus
1823 1114 1992 1198 singulari

253 1254 416 1316 doctrina
440 1253 507 1315 sibi
531 1263 738 1334 comparata
762 1273 841 1316 cum
863 1253 1114 1336 Hierosolyma
1138 1255 1438 1336 peregrinaretur,
1470 1253 1808 1336 Quinqueecclesias
1835 1264 1991 1332 venerat,

254 1392 374 1473 ibique
398 1392 564 1474 precibus
587 1392 772 1455 Anastasii
797 1391 941 1454 abbatis
964 1393 1097 1454 cedens
1119 1402 1351 1456 remanserat.
1389 1393 1429 1455 In
1454 1393 1530 1454 eius
1554 1392 1778 1473 disciplinam
1801 1413 1865 1456 rex
1885 1393 1991 1456 filium

254 1529 489 1592 Emerichium
519 1530 676 1594 tradidit.
715 1530 770 1592 Ex
804 1530 1009 1611 solitudine,
1041 1531 1076 1592 in
1108 1551 1214 1613 quam
1244 1541 1372 1612 postea
1396 1551 1435 1594 se
1460 1531 1663 1612 abdiderat,
1693 1536 1774 1595 1030
1796 1553 1818 1594 a
1841 1551 1928 1615 rege
1959 1532 1992 1593 in

255 1672 376 1733 sedem
401 1669 642 1751 episcopalem
659 1668 924 1732 Czanadensem
949 1680 1005 1732 est
1020 1680 1179 1733 vocatus.
1212 1670 1267 1732 Ibi
1283 1671 1403 1732 verbis
1427 1670 1582 1751 scriptis,
1607 1670 1805 1732 eruditione
1829 1671 1992 1751 exemplo

254 1828 318 1890 pro
341 1827 453 1890 regno
476 1808 545 1870 Dei
568 1807 757 1870 desudavit
789 1820 824 1870 et
856 1809 960 1889 plura
989 1808 1204 1871 monasteria
1235 1830 1256 1871 a
1287 1829 1326 1871 se
1358 1820 1478 1872 erecta
1507 1809 1621 1871 ordini
1650 1831 1676 1872 s.
1701 1809 1887 1872 Benedicti
1912 1829 1993 1871 con-

255 1948 363 2010 cessit
377 1949 411 2029 ⁴),
442 1949 524 2010 dum
548 1957 896 2029 coronamartyrum
922 1949 1112 2010 decoratus
1143 1958 1225 2010 ante
1258 1949 1351 2010 diem
1380 1958 1546 2010 octavum
1572 1946 1748 2009 Calendas
1774 1946 1993 2009 Novembres

258 2106 336 2165 1047
363 2085 474 2148 vitam
496 2084 611 2148 finivit
627 2087 661 2166 5).

384 2225 475 2287 Fere
508 2226 631 2287 decem
662 2226 764 2288 annis
795 2235 878 2287 ante
910 2225 1018 2306 (1038)
1043 2234 1188 2288 sanctus
1213 2226 1418 2306 Stephanus
1428 2275 1436 2306 ,
1466 2223 1582 2287 fidelis
1606 2225 1742 2288 amicus
1766 2236 1802 2288 et
1824 2235 1994 2306 patronus

254 2364 398 2445 ordiniS,
424 2366 468 2426 de
485 2365 559 2426 vita
580 2363 806 2446 migraverat.
847 2363 963 2425 Etiam
987 2382 1214 2425 successores
1230 2364 1385 2445 vestigia
1402 2363 1478 2426 eius
1495 2372 1702 2444 presserunt
1719 2374 1755 2426 et
1771 2363 1878 2444 pauci
1895 2375 1994 2425 erant

257 2523 363 2586 reges
387 2504 518 2566 saeculi
542 2503 736 2582 undecimi,
767 2502 827 2584 qui
851 2502 964 2564 ordini
989 2522 1059 2564 non
1083 2503 1259 2565 domicilia
1282 2503 1401 2584 aliqua
1425 2501 1665 2584 adsignarent.
1705 2500 1764 2564 Sic
1788 2512 1888 2564 ortae
1913 2510 1993 2563 sunt

257 2643 442 2704 abbatiae:
475 2643 508 2706 b.
531 2641 667 2704 Mariae
690 2641 734 2704 V.
759 2643 803 2703 de
828 2640 918 2704 Saar
932 2640 967 2722 ⁶),
991 2661 1017 2704 s.
1042 2641 1211 2704 Andreae
1236 2644 1280 2704 de
1306 2641 1513 2724 Vissegrad,
1538 2661 1564 2703 s.
1588 2639 1773 2720 Demetrii,
1797 2642 1831 2703 b.
1858 2640 1992 2702 Mariae

258 2789 294 2842 et
318 2801 344 2843 S.
371 2779 501 2842 Aniani
525 2781 570 2841 de
594 2779 708 2842 Tihan
723 2781 756 2861 7),
781 2780 815 2842 b.
839 2778 976 2841 Mariae
1000 2778 1042 2841 V.
1068 2781 1112 2840 de
1137 2781 1446 2861 Kolosmonostra,
1471 2799 1515 2842 sa.
1535 2778 1731 2842 Salvatoris
1748 2781 1793 2841 de
1811 2777 1994 2857 Sexitrdll,

258 2940 285 2982 s.
309 2917 431 2980 Iacobi
455 2919 499 2980 de
523 2916 691 2999 Silisio‘ll,
716 2918 761 2979 de
785 2917 920 2999 Zaszty,
946 2938 971 2979 s.
997 2917 1183 2981 Benedicti
1208 2920 1252 2980 de
1276 2918 1606 3000 Quinqueecclesiis
1620 2921 1665 3000 ¹⁰),
1690 2937 1717 2982 s.
1740 2917 1928 2980 Benedicti
1951 2919 1995 2980 de

257 3059 358 3121 iuxta
375 3056 482 3139 Gron,
498 3058 532 3119 b.
549 3055 684 3118 Mariae
709 3057 753 3118 de
777 3056 946 3140 Pagrany
961 3059 1005 3137 ¹¹),
1030 3077 1057 3119 s.
1075 3057 1219 3119 Martini
1244 3059 1288 3119 de
1304 3058 1517 3141 Mogyorod,
1535 3078 1561 3118 s.
1580 3056 1726 3139 Aegidii
1748 3058 1793 3118 de
1810 3055 1995 3137 Simighio,

260 3217 287 3261 s.
311 3195 498 3258 Michaelis
514 3194 734 3276 Archangeli
751 3196 795 3257 de
812 3196 938 3277 Batha,
962 3198 996 3259 b.
1013 3196 1150 3258 Aleriae
1175 3198 1219 3258 de
1243 3195 1523 3277 Szenttobb12),
1548 3197 1581 3257 b.
1599 3195 1735 3257 alariae
1760 3196 1804 3257 de
1828 3193 1941 3256 Curru
1951 3200 1994 3274 ¹³).

389 3502 408 3580 ¹)
431 3503 519 3557 Mons
544 3503 714 3556 Pannoniae
739 3520 812 3557 vero
837 3515 979 3576 quattuor
1003 3503 1168 3559 monachos
1193 3502 1401 3569 Leonardum‚
1431 3504 1592 3569 Concium‚
1623 3502 1806 3577 Philippum,
1832 3501 1993 3556 Henricum

257 3615 378 3671 (limisit.
412 3616 527 3670 Horum
553 3628 679 3689 uterque
703 3615 740 3670 ad
764 3614 1025 3670 archidiaconatus
1049 3615 1224 3689 dignitatem
1250 3613 1464 3671 ascendebant.
1496 3617 1604 3671 Czinar
1628 3615 1646 3669 Ι.
1671 3634 1696 3670 c.

387 3725 409 3803 2)
433 3728 479 3782 Ι)0
503 3725 672 3791 (3111110010,
704 3729 753 3800 qui
785 3729 906 3802 saepius
940 3745 976 3783 ex
1006 3727 1082 3783 cella
1113 3746 1167 3782 sua
1195 3747 1219 3783 s.
1245 3728 1349 3782 Ioanni
1374 3728 1528 3803 Baptistae
1553 3741 1731 3783 consecrata
1756 3728 1785 3781 in
1809 3725 1994 3797 Hungariam

256 3838 407 3905 veniebat,
433 3839 562 3895 conferri
587 3853 688 3914 potest
712 3839 823 3906 Dudik,
848 3840 979 3914 Raigern
1004 3853 1033 3895 et
1056 3843 1117 3895 vita
1142 3840 1298 3896 Guntheri.

387 3953 410 4030 ΙΙ)
435 3953 542 4008 Czinar
566 3952 583 4007 Ι.
609 3971 635 4007 c.
660 3952 682 4006 Ι.

386 4061 408 4141 4)
433 4064 457 4119 A
483 4063 639 4119 coenobiis
663 4082 680 4118 a
704 4084 728 4120 s,
753 4063 892 4119 (letardo
917 4065 1044 4121 conditis
1066 4067 1278 4121 monasterium
1297 4085 1321 4120 S.
1339 4064 1468 4121 Gerardi
1486 4065 1532 4119 vel
1551 4063 1694 4119 Bernardi
1712 4061 1748 4117 ‹le
1765 4061 1887 4118 Czanad
1904 4063 1995 4134 origi·

255 4196 321 4232 nem
347 4177 471 4234 duxisse
494 4177 613 4231 dicitur.
646 4177 753 4231 Czinar
777 4177 794 4232 Ι.
820 4196 846 4232 c.
872 4177 894 4233 Ι.

385 4288 407 4367 5)
433 4289 592 4363 Biidinger‚
618 4289 756 4344 Oesterr.
783 4288 977 4354 Geschichte‚
1003 4291 1024 4345 Ι.

385 4397 407 4479 ὁ)
431 4400 457 4456 A
481 4420 556 4475 rego
581 4401 650 4456 Ovo
674 4400 722 4456 1οΙ
748 4398 815 4456 Aba
839 4400 960 4456 condita
984 4420 1052 4457 esse
1076 4401 1192 4458 dicitur.
1225 4403 1334 4457 (Jzinar
1359 4402 1376 4457 Ι.
1402 4420 1427 4456 c.
1453 4401 1475 4456 1.

386 4510 408 4590 7)
431 4513 515 4568 Haec
540 4514 722 4568 monasteria
745 4512 865 4568 condita
890 4527 958 4568 sunt
975 4526 1112 4588 tempore
1129 4514 1268 4570 Andreae
1285 4514 1307 4569 Ι.
1326 4516 1408 4587 regis
1425 4510 1673 4589 (1046—1061).
1705 4511 1818 4566 Eorum
1837 4511 1993 4586 plurimas

256 4642 329 4696 rege
355 4627 421 4698 ipso
446 4627 580 4680 instituta
604 4642 672 4680 esse
695 4624 842 4680 videntur.
883 4626 990 4681 Czinar
1013 4625 1031 4681 l.
1058 4645 1083 4681 c.
1109 4626 1131 4681 Ι.

386 4732 408 4814 8)
433 4736 459 4792 Α
482 4738 553 4793 Bela
578 4738 599 4793 Ι.
624 4733 862 4815 (1061—1063)
887 4738 1007 4794 condita
1031 4757 1100 4794 esse
1124 4739 1240 4795 dicitur.

384 4848 407 4927 9)
431 4850 587 4923 Originent
611 4849 695 4906 duxit
718 4848 756 4905 ab
781 4851 896 4907 Ottone
920 4853 1029 4907 comite
1053 4850 1243 4925 Siimegiensi
1272 4850 1349 4922 1065
1376 4852 1507 4907 circiter.
1540 4852 1646 4907 Czinar
1669 4849 1687 4904 l.
1710 4867 1736 4903 c.
1761 4848 1783 4903 1.

373 4959 406 5039 ¹⁰)
430 4960 493 5018 Sub
517 4961 681 5018 Salomone
705 4983 777 5037 rege
803 4965 977 5037 Hungariae
999 4962 1076 5036 1067
1102 4978 1132 5018 et
1160 4978 1240 5036 1070
1265 4978 1350 5019 ortae
1374 4983 1442 5019 esse
1467 4963 1615 5018 dicuntur.
1648 4962 1756 5017 Czinar
1780 4960 1797 5015 l.
1817 4978 1843 5015 c.
1868 4960 1890 5014 l.

373 5070 405 5150 ¹¹)
429 5074 456 5129 A
480 5094 552 5149 rege
576 5073 678 5149 chsa
706 5089 785 5147 1075
812 5077 933 5131 circiter
957 5075 1096 5131 conditae
1121 5091 1197 5132 sunt.
1230 5078 1338 5131 Czinar
1361 5077 1379 5132 l.
1405 5096 1430 5132 c.
1456 5077 1478 5131 Ι.

373 5192 394 5218 ¹²
431 5187 525 5242 Ortae
549 5186 605 5242 sub
629 5187 773 5243 Ladislao
797 5185 911 5243 Sancto
936 5205 1009 5260 rege
1033 5188 1217 5260 Hungariae.
1250 5190 1357 5243 Crinar
1382 5188 1399 5242 Ι.
1425 5208 1450 5244 c.
1476 5188 1498 5243 Ι.

374 5295 406 5375 ι3)
430 5298 557 5354 Condita
581 5313 651 5374 post
675 5312 800 5354 mortem
826 5298 958 5354 Ladislai
983 5297 1084 5354 Sancti
1114 5314 1204 5371 1095.
1244 5301 1401 5355 Nominata
1425 5318 1494 5355 esse
1517 5300 1625 5354 dicitur
1649 5316 1685 5354 ex
1702 5317 1750 5362 00,
1775 5298 1858 5372 quod
1875 5313 1986 5356 currus,

254 5430 316 5485 quo
342 5429 453 5486 corpus
478 5413 571 5466 sancti
597 5413 678 5484 regis
702 5410 883 5466 Varadinum
907 5411 1076 5475 veheretur,
1102 5414 1165 5467 sine
1190 5426 1314 5468 vectore
1338 5431 1375 5467 eo
1400 5430 1532 5487 propere
1557 5410 1704 5466 tenderet.
