4088 6270
885 483 1167 568 -462-

244 694 294 750 IV.
319 692 444 764 Predigt
467 709 513 745 am
535 688 680 746 Schlusse
700 689 754 745 des
770 689 877 764 Jahres
898 686 988 760 1850,

1071 686 1264 743 katccheten.
1289 685 1393 754 Grata,
1418 686 1568 761 gedruckt
1589 687 1641 741 mit
1663 684 1880 759 Leykamischen

157 798 298 874 gehaltcn
315 799 353 852 im
371 797 468 852 Dome
484 814 519 849 zu
536 793 725 867 Klagenfurt.
749 789 891 872 (Sermo.)
916 792 988 848 Kla·
1071 789 1232 847 Schriften.
1250 789 1286 847 8⁰
1302 792 1371 845 min.

157 902 288 978 geusurt,
306 901 410 957 Druck
426 918 487 955 von
502 899 569 975 Joh.
587 900 683 955 Leon.
705 914 739 954 12
759 918 788 974 p.
807 898 848 955 8⁰.

244 1025 280 1080 V.
297 1023 436 1080 Versuch
453 1025 536 1078 einer
552 1021 808 1093 Kennzeichnung
832 1019 886 1075 des
907 1019 991 1073 Men·

158 1130 250 1186 schen
267 1129 311 1184 als
328 1129 434 1184 Natur-
451 1126 511 1181 und
524 1125 627 1181 Geist·
644 1125 718 1181 oder
734 1124 779 1180 als
792 1122 920 1180 Sinnen-
933 1123 992 1178 und

157 1232 409 1289 Vernunstwesen
427 1230 474 1287 fiir
488 1229 646 1285 deukende
664 1229 812 1284 Christen.
837 1224 866 1304 (1.
884 1246 911 1283 0.
929 1229 993 1284 Ηο-

159 1340 245 1393 minis
269 1355 330 1393 sec.
354 1349 490 1391 naturam
515 1334 662 1409 duplicem
685 1329 868 1412 (1011000110.)
892 1333 991 1399 Wien,

164 1440 254 1514 1864.
279 1441 384 1497 Druck
408 1440 466 1495 und
488 1440 601 1511 Verlag
625 1457 684 1494 von
707 1437 778 1494 Carl
803 1436 986 1493 Gorischek.

164 1544 222 1618 156
240 1565 270 1621 p.
289 1544 331 1603 8⁰.

246 1691 297 1764 de
322 1690 525 1765 Stenitzer
557 1700 768 1762 Antonius
800 1699 993 1781 (Admon-

161 1821 321 1902 tensis),
335 1819 601 1900 praenobilibus
611 1818 819 1899 parentibus
833 1816 868 1878 in
878 1814 994 1879 Goess

161 1961 273 2024 prope
290 1941 461 2002 Leobium
485 1950 589 2001 natus
612 1944 641 2003 5.
658 1939 748 2002 Nov.
770 1943 862 2019 1750,
886 1938 994 2000 musis

161 2073 197 2125 et
213 2064 369 2126 musicae
387 2063 589 2125 Admontes
606 2081 752 2143 operam
774 2061 993 2142 impendenS,

161 2195 246 2248 vota
263 2186 381 2248 emisit
398 2183 582 2247 sollemnia
603 2206 628 2247 1.
646 2184 710 2247 Iul.
733 2203 813 2262 1770
829 2192 866 2245 et
881 2183 995 2264 primo

161 2307 261 2371 stetit
282 2309 328 2369 ad
349 2327 446 2369 aram
468 2312 520 2370 30.
537 2307 626 2388 Apr.
648 2310 738 2385 1775.
763 2304 995 2367 Professurae

162 2431 197 2493 in
206 2430 394 2513 gymnasio
405 2429 499 2491 domi
513 2431 678 2492 admotus
691 2429 838 2508 insuper
850 2446 994 2489 munere

163 2553 321 2635 regentis
331 2552 428 2616 chori
437 2551 603 2634 fungens,
614 2551 787 2613 Leobium
801 2549 996 2612 translatus

163 2675 341 2757 gymnasii
354 2676 487 2737 ibidem
501 2674 576 2757 egit
589 2673 828 2756 professorem
839 2682 875 2734 et
885 2672 997 2733 direc-

164 2807 286 2860 torem.
316 2797 416 2861 Obiit
440 2799 583 2860 tandem
608 2797 719 2860 colica
744 2817 772 2858 2.
796 2795 883 2858 Dec.
906 2813 996 2873 1797.

253 2940 432 3015 Composuit
454 2938 472 2995 6
494 2941 612 3006 Missas
641 2939 828 3013 1Requiem,
850 2939 996 3005 Litanias,

170 3043 248 3100 1Te
270 3045 365 3100 Deum
388 3058 417 3100 et
438 3061 457 3116 4
475 3045 638 3120 Vesperas,
664 3062 743 3118 quae
763 3061 837 3099 vero
860 3043 998 3100 incendio

165 3152 233 3206 anni
255 3147 332 3221 1865
351 3151 514 3224 perierunt.

253 3293 304 3366 de
329 3293 531 3367 Stenitzer
563 3305 772 3367 Henricus
805 3305 997 3387 (Admon-

166 3423 328 3503 tensis)‚
357 3432 461 3484 natus
487 3421 615 3506 Styrus
629 3424 675 3490 ‚in
699 3422 815 3487 Goess
844 3444 890 3487 10.
911 3423 997 3484 Maii

171 3550 261 3627 1748,
278 3545 486 3626 religionem
499 3545 731 3607 monasticam
748 3544 931 3626 professus
949 3548 995 3606 18.

165 3666 253 3728 Nov.
286 3672 385 3745 1704,
417 3666 592 3747 primitias
625 3666 821 3728 celebravit
853 3686 903 3728 20.
931 3665 996 3728 Iul.

170 3807 259 3866 1772.
285 3786 522 3850 Concionator
538 3798 574 3849 et
590 3786 701 3868 praef.
723 3787 869 3868 hospitii
892 3787 996 3868 domi,

166 3919 433 3989 cooperatorem
454 3908 491 3970 in
510 3909 707 3970 Kammern
732 3919 768 3971 et
791 3909 996 3990 Kallwang‚

165 4030 335 4092 vicarium
352 4030 386 4092 in
400 4031 604 4112 Altoetting
623 4039 658 4092 et
674 4030 758 4091 Hall
775 4030 858 4112 egit.
884 4029 998 4092 Oeco-

166 4151 318 4213 nomiam
335 4151 430 4212 domi
448 4163 484 4212 et
497 4152 578 4213 dein
591 4152 626 4213 in
639 4152 908 4213 Admontbiihel
924 4152 997 4212 lau·

166 4272 331 4334 dabiliter
347 4293 477 4354 regens
499 4273 627 4334 iterum
651 4274 697 4334 ad
723 4293 841 4334 curam
866 4273 997 4335 anima·

165 4414 241 4455 rum
258 4393 444 4474 1100310113,
461 4393 667 4474 parochiam
684 4394 946 4456 administravit
962 4395 997 4456 in

165 4514 341 4595 Mautern,
365 4515 594 4578 Altenmarkt
621 4527 657 4576 et
682 4514 868 4580 Gaishorn.
899 4515 997 4579 Obiit

166 4636 348 4717 professus
370 4636 543 4699 iubilaeus
561 4637 656 4698 domi
672 4637 863 4718 apoplexia
880 4647 997 4699 tactus

168 4779 217 4836 29.
243 4756 342 4839 Sept.
372 4762 462 4821 1815.
487 4759 593 4819 Anno
623 4778 702 4837 1774
727 4757 998 4841 congregationi
1036 4770 1039 4789 ¹

166 4899 192 4941 s.
210 4879 333 4941 rosarii
351 4880 551 4942 Admontes
568 4889 744 4962 praeerat.

1158 895 1195 950 11.
1220 894 1355 950 Chronik
1378 893 1432 949 der
1455 892 1560 950 Pfarre
1584 893 1786 959 Altenmarkt,
1812 893 1882 951 1808.

1072 995 1101 1075 (i.
1123 1016 1150 1055 0.
1168 999 1341 1054 Chronicon
1359 999 1523 1073 parochiae
1539 995 1684 1076 Alteum.)
1700 999 1790 1054 Mser.
1806 999 1882 1054 10111-

1073 1102 1232 1169 tenmarkt,
1250 1101 1406 1158 Abschrilt
1422 1104 1460 1157 im
1476 1101 1590 1158 Archiv
1606 1121 1644 1157 zu
1660 1101 1801 1157 Admont.

1161 1247 1283 1322 Stern
1311 1259 1486 1322 Carolus
1511 1257 1779 1342 (Scotensis),
1804 1258 1880 1322 Setz-

1073 1375 1156 1438 dorf
1169 1375 1369 1440 1081103100
1384 1375 1465 1438 vico
1481 1385 1587 1437 natus
1604 1375 1664 1437 die
1681 1376 1879 1438 11.Iun.1815

1074 1507 1111 1559 01
1126 1497 1379 1561 010003101111111
1397 1497 1581 1579 ingressus
1598 1507 1656 1559 est
1672 1498 1731 1560 die
1748 1519 1793 1575 14.
1804 1496 1880 1580 Sept

1079 1622 1169 1698 1837.
1193 1619 1297 1681 Votis
1314 1619 1546 1680 sollemnibus
1565 1619 1623 1681 die
1643 1640 1693 1698 29.
1711 1618 1806 1702 Sept.
1820 1626 1880 1697 1840

1074 1740 1307 1820 nuncupatis,
1337 1759 1415 1800 cum
1444 1758 1470 1801 3.
1495 1740 1703 1822 theologiae
1730 1743 1835 1804 studia
1856 1743 1880 1803 in

1075 1860 1325 1924 univ.Vindob.
1333 1860 1512 1943 coluisset,
1520 1861 1699 1942 primitias
1708 1863 1765 1925 die
1778 1884 1800 1924 1.
1808 1864 1879 1945 Aug.

1079 1987 1156 2060 1841
1178 1982 1382 2045 celebravit.
1406 1982 1514 2044 Haud
1539 1984 1653 2046 multo
1674 1995 1758 2065 post
1776 1985 1880 2046 anima·

1075 2124 1151 2165 rum
1183 2123 1289 2165 curae
1321 2104 1503 2185 addictus,
1531 2125 1612 2166 cum
1641 2117 1880 2188 cooperatorem

1076 2225 1211 2307 egisset
1242 2228 1407 2303 1843-45
1437 2225 1473 2287 111
1500 2225 1740 2308 Zellerndorf,
1766 2226 1839 2288 inde
1859 2228 1882 2287 in

1076 2347 1329 2408 monasterium
1337 2349 1463 2428 redux,
1474 2348 1588 2409 curati
1601 2357 1640 2409 et
1653 2348 1883 2411 concionatoris

1076 2469 1208 2531 ibidem
1225 2478 1347 2550 partes
1364 2470 1533 2552 suscepit,
1551 2490 1644 2551 quas
1660 2489 1773 2552 usque
1788 2471 1828 2530 ad
1842 2490 1884 2531 an-

1076 2611 1159 2652 num
1173 2594 1252 2652 1862
1268 2591 1496 2674 singulariter
1508 2592 1622 2654 tuitus
1635 2603 1703 2672 est,
1717 2592 1884 2672 intrepidus

1076 2713 1258 2795 religionis
1272 2713 1468 2775 catholicae
1482 2712 1651 2776 defensor
1664 2714 1701 2777 in
1714 2714 1885 2794 periculosa

1077 2835 1138 2897 illa
1154 2856 1246 2897 anno
1267 2840 1345 2914 1848
1369 2835 1527 2898 excitata
1548 2855 1668 2897 rerum
1692 2836 1883 2916 publicarum

1078 2957 1362 3019 commutatione.
1389 2958 1494 3020 Anno
1511 2977 1598 3020 vero
1623 2958 1824 3040 supradicto
1838 2976 1882 3038 pa·

1077 3080 1206 3140 rochus
1224 3088 1278 3141 est
1292 3078 1501 3161 designatus
1515 3078 1736 3161 Enzersfeld,
1753 3098 1817 3161 quo
1830 3097 1883 3139 mu·

1078 3219 1162 3262 nere
1179 3202 1362 3282 hucusque
1380 3201 1527 3283 egregie
1541 3200 1717 3284 fungitur.

1165 3322 1278 3405 Typis
1296 3323 1421 3385 edidit:

1165 3449 1187 3504 l.
1210 3450 1286 3505 Was
1310 3468 1405 3523 sagen
1429 3447 1542 3505 Schrist
1565 3449 1627 3504 und
1652 3448 1882 3517 Ueberlielerung.

1078 3553 1226 3610 Vernunlt
1243 3554 1302 3608 und
1319 3552 1491 3626 Erlahrung
1509 3553 1585 3609 fiber
1601 3553 1650 3608 die
1667 3553 1776 3628 heilige
1787 3545 1882 3607 Reicht?

1079 3655 1107 3734 (i.
1125 3677 1151 3714 e.
1170 3659 1341 3714 Conciones
1358 3670 1419 3713 tres
1436 3657 1558 3713 habitae
1575 3657 1614 3712 de
1631 3669 1816 3713 sacramento
1831 3671 1881 3709 con·

1079 3759 1240 3840 sessionis.)
1264 3763 1407 3828 Viennae,
1437 3760 1528 3834 1849,
1553 3762 1636 3837 typis
1661 3763 1684 3817 1.
1708 3763 1738 3817 Ρ.
1759 3759 1881 3830 Sollinget

1079 3866 1195 3922 viduae.

1165 3973 1202 4027 11.
1220 3972 1277 4026 Ι)10
1291 3970 1489 4044 Versuchung
1501 3970 1573 4045 Jesu
1587 3970 1711 4038 Christi,
1728 3972 1757 4025 in
1771 3966 1880 4024 11011011

1076 4076 1364 4151 Fastenpredigten,
1394 4074 1452 4130 den
1479 4074 1668 4130 kirchlichcn
1696 4073 1753 4129 und
1776 4070 1879 4128 socialcn

1077 4179 1364 4235 Zeitverhaltnissen
1386 4178 1548 4252 mbglichst
1564 4177 1784 4254 entsprechend
1798 4176 1878 4246 duge-

1078 4284 1167 4340 stellt.
1182 4281 1211 4362 (1.
1227 4303 1253 4339 0.
1268 4284 1439 4339 Conciones
1453 4281 1733 4356 quadragesimales
1749 4282 1783 4337 de
1794 4277 1877 4336 Christi

1079 4391 1107 4443 10
1124 4388 1245 4444 deserto
1263 4389 1437 4455 tentatione,
1454 4386 1584 4442 dedicat.
1603 4387 1766 4442 Francisco
1777 4379 1875 4440 comdt

1078 4488 1267 4571 Ezterhazy.)
1291 4493 1433 4560 Viennae,
1462 4490 1553 4563 1852,
1582 4494 1610 4546 10
1635 4511 1742 4548 comm.
1759 4485 1876 4545 Kautsuss.

1079 4597 1206 4653 Praudel
1223 4609 1254 4652 01
1270 4615 1369 4671 comp.

1165 4702 1216 4757 III.
1234 4701 1297 4757 Der
1313 4700 1503 4756 katholische
1518 4698 1631 4756 Ablass
1644 4701 1720 4756 nach
1733 4694 1875 4755 kirchlicher

1079 4807 1293 4880 Begriindung,
1321 4803 1575 4879 geschichtlicher
1596 4803 1816 4872 Entwickelung
1834 4792 1872 4850 und

1079 4909 1458 4983 wunderbarerWirkung.
1469 4905 1528 4986 (De
1537 4912 1627 4965 venia
1636 4922 1816 4985 peccatorum
1823 4917 1871 4957 con·

252 5022 274 5077 1.
300 5021 432 5095 Predigt,
458 5023 572 5078 welche
594 5025 621 5104 111
643 5023 696 5078 der
714 5022 825 5078 Kirche
847 5042 912 5077 zum
930 5022 997 5078 heil.
1079 5019 1182 5072 ciones
1199 5015 1228 5083 8,
1250 5014 1346 5070 dedic.
1370 5014 1514 5069 Laurent.
1532 5015 1627 5070 Marc.
1651 5033 1727 5070 com.
1744 5011 1869 5076 deflussy·

166 5127 261 5181 Franz
277 5129 380 5182 Xaver
396 5124 444 5181 bei
459 5125 649 5199 Einliihrung
667 5126 720 5181 des
734 5126 998 5182 Armeninstitutes

166 5232 194 5286 in
211 5230 265 5286 der
280 5230 401 5286 kaiserl.
416 5229 530 5303 konigl.
548 5227 637 5285 Stadt
652 5228 779 5285 Leoben
796 5229 853 5285 den
866 5246 895 5302 4.
912 5229 997 5304 Sept.

171 5334 247 5406 1785
282 5333 423 5407 gehaltcn
457 5333 590 5388 worden.
629 5330 768 5411 (Sermo.)
807 5333 874 5389 Von
910 5335 999 5388 Pater

166 5436 309 5493 Heinrich
337 5436 505 5503 Stenitzer,
537 5437 650 5493 derzeit
677 5436 867 5493 dffeutlichen
896 5435 999 5492 Stadt·
1037 5497 1040 5508 Ι

1079 5117 1220 5198 Mignos.)
1237 5120 1379 5185 Viennae,
1402 5117 1492 5191 1855,
1509 5120 1589 5194 typis
1605 5118 1643 5173 A.
1661 5117 1826 5188 Schweigcr.

1165 5225 1215 5281 IV.
1247 5224 1420 5280 Conciones
1453 5225 1562 5300 primit.
1592 5241 1649 5279 nec
1676 5242 1734 5278 non
1758 5211 1862 5276 secundis·

1079 5332 1136 5386 Die
1152 5330 1351 5386 Ceremonien
1373 5328 1427 5384 der
1443 5329 1685 5384 Priesterweihe.
1708 5328 1763 5383 Zur
1781 5317 1861 5378 Ptimil·

1080 5436 1153 5492 leier
1170 5435 1223 5490 des
1240 5435 1272 5489 P.
1291 5433 1400 5489 Paulus
1418 5433 1508 5489 Nuttil
1525 5429 1692 5511 (8001003.)
1711 5450 1754 5487 001
1771 5433 1860 5484 neuntt1l
