4088 6270
769 524 811 534 —
856 486 997 549 XXIX
1044 526 1083 534 -

58 713 228 776 immerito
251 713 368 794 prima
393 712 627 796 congregatio
642 712 859 775 Mellicensis
875 712 1085 794 nominatur,
1110 733 1325 795 quamquam
1342 715 1487 796 propria
1504 715 1796 798 congregationis

57 862 134 915 nota
156 871 201 914 ac
225 850 341 914 forma
365 853 468 913 deest
484 851 517 930 1).
535 849 727 913 ‘Industria
749 850 883 913 ordinis
911 849 1038 914 iterum
1067 851 1225 914 excitata
1256 850 1488 916 aedificandis
1520 853 1699 937 ecclesiis,
1731 875 1793 917 ex·

56 989 229 1053 struendis
264 988 462 1071 parochiis,
497 988 616 1052 studio
651 987 849 1051 litterarum
884 989 1033 1051 colendo
1069 989 1373 1071 conspiciebatur,
1409 1010 1622 1072 quamquam
1658 991 1793 1073 aliquid

56 1129 172 1191 virium
196 1130 413 1191 subductum
437 1139 528 1210 erat,
553 1147 633 1190 cum
657 1127 910 1209 Oberburgum
933 1147 954 1189 a
977 1127 1159 1191 Friderico
1183 1129 1244 1191 IV.
1276 1129 1491 1210 imperatore
1527 1133 1607 1208 1463
1641 1131 1687 1192 ad
1719 1129 1793 1210 epi·

56 1277 236 1349 scopatum
267 1266 469 1330 Lubianum
500 1269 754 1350 adiungeretur
768 1268 790 1345 ²)
827 1275 863 1328 et
893 1265 1142 1328 Millstadtium
1173 1270 1219 1329 ab
1251 1268 1378 1329 eodem
1410 1267 1625 1348 imperatore
1658 1267 1791 1332 Summi

59 1403 238 1468 Pontificis
271 1406 457 1468 voluntate
482 1365 576 1483 ⁴1469
616 1403 731 1467 ordini
766 1403 923 1484 equestri
961 1404 1075 1466 sancti
1110 1401 1258 1486 Georgii
1295 1424 1421 1468 recens
1459 1405 1623 1469 instituto
1662 1424 1788 1470 conce-

58 1545 193 1607 deretur
204 1544 241 1625 ³).

176 1683 303 1764 Atque
327 1681 434 1745 etiam
457 1681 494 1744 in
517 1680 704 1764 Hungaria
727 1681 824 1742 bulla
847 1680 996 1743 Honorii
1019 1680 1081 1743 III.
1106 1682 1230 1762 Papae
1263 1680 1421 1763 capitula
1448 1682 1581 1746 ordinis
1608 1683 1793 1766 generalia

62 1826 131 1883 1223
163 1821 312 1884 inducta
343 1830 426 1883 sunt
455 1820 679 1902 primumque
711 1821 836 1883 eodem
867 1839 960 1882 anno
995 1819 1030 1882 in
1063 1820 1279 1883 monasterio
1309 1823 1354 1883 de
1384 1821 1558 1884 Madocsa
1586 1820 1792 1886 Colocensis

60 1959 222 2023 dioecesis
245 1959 408 2021 habitum
431 1969 496 2022 est.
535 1957 608 2022 Sed
631 1959 725 2021 haud
750 1958 801 2020 ita
824 1960 935 2021 multo
959 1968 1041 2039 post
1065 1958 1221 2021 studium
1245 1960 1312 2022 hoc
1335 1962 1558 2042 praeclarum
1582 1980 1712 2042 aspere
1741 1962 1792 2025 in·

62 2109 248 2181 terruptum
279 2107 346 2160 est.
384 2097 513 2160 Manus
544 2099 718 2159 barbarae
741 2096 990 2179 Mongolorum
1026 2116 1102 2175 1241
1137 2097 1228 2159 duce
1259 2097 1354 2160 Batu
1384 2098 1606 2181 Hungariam
1638 2100 1791 2183 ingressi

64 2237 208 2301 exercitu
231 2238 345 2300 Belae
368 2236 430 2299 IV.
453 2235 550 2318 regis
573 2236 619 2297 ad
643 2232 728 2298 Saio
751 2233 882 2297 flumen
904 2234 1001 2297 victo
1026 2254 1132 2317 agros
1156 2236 1251 2298 omni
1280 2237 1382 2299 clade
1410 2237 1495 2300 belli
1526 2248 1789 2319 pervastarunt.

65 2374 163 2437 Multa
184 2374 404 2437 monasteria
428 2393 554 2437 eversa
570 2383 662 2455 sunt,
687 2393 836 2455 quorum
852 2374 1021 2435 nonnulla
1035 2384 1315 2457 resurrexerunt,
1340 2376 1410 2438 alia
1425 2396 1605 2458 nunquam
1622 2397 1669 2440 ex
1688 2377 1790 2440 ruina

68 2535 95 2576 se
115 2526 304 2577 erexerunt
317 2514 352 2595 ⁴).
393 2511 523 2576 Contra
546 2522 702 2576 montem
727 2512 933 2576 Pannoniae
962 2533 1107 2594 quoque.
1136 2514 1279 2576 barbari
1310 2515 1491 2597 progressi
1522 2526 1640 2589 erant;
1672 2534 1789 2595 neque

71 2664 167 2714 tamen
189 2650 444 2715 monasterium
468 2653 514 2713 ab
538 2650 625 2715 Uria
655 2654 788 2714 abbate
821 2661 857 2714 et
886 2651 1056 2714 fratribus
1087 2652 1204 2714 animo
1234 2651 1319 2715 forti
1350 2652 1535 2716 defensum
1566 2673 1695 2735 capere
1725 2672 1789 2734 po-

73 2793 242 2874 ruerunts).

180 2931 316 2992 Verum
339 2939 458 2992 tamen
481 2928 734 3010 superstitibus
758 2949 899 3011 quoque
923 2929 1147 2992 monasteriis
1170 2941 1319 3012 propter
1340 2941 1539 3011 temporum
1563 2931 1788 2995 atrocitatem

76 3066 141 3128 titia
161 3071 393 3149 obrepserant
416 3067 655 3149 repugnantia
678 3067 818 3149 spiritui
841 3088 867 3128 s.
885 3066 1082 3130 Benedicti.
1120 3067 1161 3130 In
1184 3069 1251 3130 hoc
1276 3078 1436 3148 tempore
1460 3088 1561 3131 mons
1577 3089 1680 3132 sacer
1695 3070 1787 3132 Pan-

78 3206 180 3270 noniae
201 3207 330 3270 iterum
355 3207 567 3268 incunabula
590 3206 693 3287 quasi
717 3206 850 3268 ordinis
873 3205 990 3269 factus
1014 3216 1078 3268 est
1122 3205 1243 3268 Favus
1267 3206 1360 3269 enim
1391 3207 1466 3269 eius
1497 3210 1612 3269 abbas
1643 3210 1786 3271 decreto

80 3341 247 3409 Alexandri
270 3345 333 3409 1v.
358 3344 493 3408 Summi
515 3342 699 3408 Pontificis
727 3348 808 3407 1256
832 3353 1050 3426 potestatem
1073 3344 1215 3427 accepit
1240 3356 1334 3427 ,tres
1357 3347 1509 3407 abbates
1533 3346 1788 3411 Benedictinos

80 3458 185 3545 ordinis
206 3484 319 3545 zelum
342 3484 514 3546 habentes
538 3503 616 3546 cum
641 3483 788 3546 consilio
813 3492 849 3546 et
873 3501 1049 3546 consensu
1073 3483 1219 3564 capituli
1247 3482 1427 3565 generalis
1455 3484 1613 3566 eligendi
1643 3495 1679 3548 et
1710 3505 1789 3548 curn

182 3849 201 3928 ¹)
225 3851 325 3906 Etiam
349 3869 386 3907 ex
409 3851 532 3907 remotis
555 3852 643 3906 terris
668 3851 805 3907 monachi
829 3849 989 3907 Mellicium
1012 3862 1233 3918 convenerunt,
1266 3862 1298 3906 ut
1327 3852 1393 3906 eius
1422 3854 1521 3908 coetui
1549 3851 1789 3926 adgregarentur

81 3963 221 4018 attritam
252 3976 485 4037 cognoscerent.
528 3963 606 4019 Huic
634 3964 865 4038 congregationi
893 3981 926 4018 se
955 3961 1155 4018 adiunxerunt
1177 3961 1386 4036 Gottwigium,
1415 3963 1499 4020 Scoti
1524 3962 1787 4029 Vindobonenses,

81 4066 281 4148 ,iitenburgum
306 4074 409 4130 Cellae
430 4075 594 4142 Marianae,
613 4075 816 4142 (misterium,
842 4073 1085 4142 Seitenstadium‚
1112 4074 1301 4143 (duniacum,
1325 4075 1536 4141 Cremisauum,
1561 4075 1787 4143 Lambachium,

81 4179 226 4254 Aduontes,
258 4185 540 4254 Saniambertinum,
564 4186 831 4252 Arnoldsteinium.
865 4187 1066 4253 Ossiacbinm,
1100 4185 1318 4262 Sanpaulense,
1351 4186 1637 4255 Michaelburanum‚
1670 4189 1789 4243 Lunae·

81 4290 153 4361 lacus,
167 4318 188 4354 s.
201 4299 328 4373 Georgii
345 4317 440 4367 mons,
456 4300 755 4366 Mariaemontanum‚
769 4301 989 4367 Constantium,
1007 4300 1213 4374 Dekingense,
1230 4300 1425 4374 Elhingense‚
1439 4300 1658 4374 Wiblingense,
1675 4299 1789 4357 Ebers·

81 4402 212 4481 bergense,
227 4412 266 4467 ad
282 4431 306 4467 s.
324 4411 546 4477 Emmeranum,
571 4411 809 4480 Ennsdorfense,
833 4413 990 4469 Ettalense
1013 4412 1051 4468 ad
1075 4432 1099 4469 s.
1125 4412 1264 4479 Crucem,
1289 4414 1461 4487 Hirsaugia,
1485 4414 1523 4469 ad
1545 4432 1569 4469 s.
1587 4413 1728 4487 Magnum
1752 4412 1789 4469 de

81 4514 186 4587 Fissen,
214 4523 493 4590 Maiiersdorfense,
518 4525 784 4591 Neresheimense‚
809 4523 959 4580 Altahium
983 4524 1111 4580 Inferius
1140 4537 1170 4580 et
1193 4523 1354 4600 Superius,
1385 4526 1669 4593 Ochsenhusanum,
1699 4526 1789 4582 Otto·

81 4625 210 4701 buranum,
234 4634 521 4703 Reichenbachium,
550 4635 647 4704 Seon,
672 4638 865 4710 'l'egernsee,
890 4637 927 4693 ad
951 4656 976 4693 s.
1001 4637 1171 4695 Udalricum
1196 4649 1226 4692 et
1249 4637 1351 4693 Airam
1375 4638 1531 4712 Augustae
1555 4637 1788 4703 Vindelicorum,

81 4739 110 4794 ad
127 4763 147 4800 s.
161 4746 269 4813 Virum,
294 4749 643 4825 Weihenstephenense,
668 4749 852 4815 Odenheim,
876 4735 1091 4817 Bievuovium‚
1116 4748 1314 4818 Trebianum‚
1338 4750 1423 4816 Heia,
1448 4749 1577 4813 Csanad.
1601 4752 1690 4807 Mons
1714 4753 1790 4807 Pan·

82 4856 325 4934 noniae‚'1‘yniec.
350 4860 528 4936 Keiblinger
549 4861 568 4918 l.
594 4881 620 4918 c.
652 4862 697 4919 cf.
722 4860 879 4930 Schmmb,
905 4863 1077 4919 Chronicon
1099 4862 1284 4920 Mellicense.

185 4968 207 5048 ²)
229 4972 363 5040 Muchar,
388 4973 573 5030 Geschichte
596 4973 650 5030 der
674 4972 872 5032 Steiermark.

184 5082 207 5162 ³)
229 5085 423 5153 Hoheuauer,
446 5086 757 5160 Kirchengeschichte
782 5106 842 5143 von
867 5089 1009 5144 Kimten.

186 5194 207 5274 ⁴)
231 5198 420 5273 Quamquam
443 5199 579 5272 Mongoli
604 5199 695 5256 multa
718 5203 900 5258 monasteria
923 5202 1058 5277 populati
1081 5215 1163 5268 sunt,
1196 5213 1294 5257 tamen
1326 5219 1413 5256 unam
1444 5198 1596 5257 abbatiam
1623 5200 1652 5257 b.
1677 5202 1790 5258 Mariae

81 5299 111 5356 de
129 5305 213 5364 Curru
237 5323 322 5366 certo
347 5311 467 5366 scimus·

185 5421 208 5501 5)
231 5424 341 5481 Czinar
363 5423 381 5480 l.
407 5444 432 5480 c.
457 5424 480 5479 1.
