4088 6270
897 516 944 525 ,
1005 493 1177 564 174,

252 685 274 742 Ι.
298 683 490 741 Trauerrede
514 682 567 740 aul
586 683 644 740 den
666 682 789 739 Todlall
811 682 865 740 des
888 682 992 739 Hoch·
1030 679 1034 727 l
1158 676 1325 759 Scripsit:

162 789 290 864 wurdig.
326 787 621 864 Hochedlgebomen
656 787 715 844 und
746 786 992 862 Hochgelehrten

1160 804 1182 862 l.
1199 804 1291 860 Missa
1307 805 1336 859 in
1351 802 1377 859 F
1394 801 1440 858 fdr
1455 818 1475 875 4
1493 800 1640 859 Stimmen
1655 803 1710 858 mit
1724 802 1778 877 Beg

164 895 263 951 Herm
279 894 378 951 Herm
392 893 507 970 Joseph
522 892 636 962 Urban,
653 892 774 949 Ordens
790 891 845 948 des
860 891 992 967 heiligen
1072 909 1125 966 def
1142 907 1238 983 osgel
1260 907 1321 964 und
1340 907 1394 964 des
1416 904 1648 964 contrabasseg,
1666 902 1696 987 (i
1716 924 1744 964 e,
1763 907 1778 964 1

164 998 333 1074 Augustini.
366 998 480 1056 Canon.
508 997 615 1074 Regul.
643 998 785 1054 Lateran.
814 994 868 1054 des
895 995 991 1052 lurstl.
1032 1056 1035 1069 ¹
1071 1013 1097 1070 F
1120 1030 1178 1089 pso
1201 1027 1221 1084 4
1244 1009 1372 1068 vocibus
1396 1030 1463 1068 cum
1488 1028 1604 1085 organo
1628 1024 1661 1067 et
1684 1024 1778 1069 coum

163 1103 239 1160 auch
274 1100 432 1178 belreyten
466 1100 646 1159 Domstiftes
680 1121 717 1158 zu
747 1099 865 1159 Seccau
896 1100 991 1158 Dom-

163 1204 310 1282 probsten
330 1206 390 1263 und
406 1206 626 1283 Erzpriestem‚
649 1205 694 1263 als
714 1205 824 1263 dessen
844 1205 993 1262 Leichen·

163 1309 349 1385 begangniss
376 1312 405 1367 in
428 1311 482 1367 der
505 1309 756 1367 Kathedralkirch
778 1311 808 1365 in
831 1310 897 1366 dem
920 1307 992 1366 ldbl.

164 1414 308 1472 Domstift
327 1435 362 1471 zu
379 1412 496 1472 Seccau
517 1415 575 1472 deu
596 1429 642 1488 15.
660 1414 729 1472 Oct.
751 1412 831 1489 1769
853 1413 994 1489 gehalteu

163 1519 277 1576 wurde.
297 1515 326 1597 (i.
344 1537 370 1575 e.
392 1519 498 1576 Oratio
520 1517 654 1576 funebris
675 1520 704 1575 iu
725 1531 851 1575 mortem
872 1517 993 1592 Iosephi

165 1621 287 1691 Urbani,
308 1641 337 1680 o.
354 1642 378 1680 s.
396 1622 475 1698 Aug.
492 1624 658 1699 praepositi
675 1619 910 1700 Seccoviensis.)
926 1622 991 1680 Fol.

168 1725 204 1784 16
221 1746 250 1803 p.
274 1726 378 1794 Grau,
402 1726 553 1801 gedruckt
571 1723 620 1782 bei
643 1726 700 1784 deu
716 1721 992 1804 Widmanstatferi·

163 1832 256 1888 schen
272 1828 384 1887 Erben.

249 1949 287 2011 ΙΙ.
297 1952 490 2010 Trauerrede
499 1952 552 2008 aul
558 1952 615 2010 den
624 1950 878 2027 Hochwdrdigen,
889 1952 992 2009 Hoch·

163 2056 369 2132 edlgebornen
378 2057 437 2114 und
446 2057 692 2132 Hochgelehrten
701 2057 800 2114 Herm
809 2057 907 2115 Herrn
916 2058 992 2113 Mat·

90 2186 96 2193 ·
163 2163 259 2229 maus,
281 2181 335 2219 aus
356 2161 422 2220 dem
440 2162 542 2219 Orden
562 2161 617 2219 des
638 2162 677 2220 hl.
694 2161 848 2219 Benedicti
869 2161 923 2218 des
943 2180 992 2217 ur·

162 2266 242 2323 alten
256 2267 315 2322 und
326 2264 504 2323 beriihmten
516 2265 623 2324 Stiftes
631 2266 762 2324 Admont
774 2266 991 2340 Preiswdrdig·

162 2382 229 2428 sten
249 2369 321 2440 Abi,
345 2371 390 2428 als
413 2369 523 2428 dessen
543 2369 865 2446 Leicbeubegangniss
889 2373 918 2427 in
937 2371 992 2428 der

161 2474 338 2533 Stiltkirche
354 2475 412 2532 den
433 2491 480 2550 19.
497 2477 556 2533 Mai
574 2490 653 2551 1779
672 2476 835 2533 feierlichst
850 2475 991 2551 gehalten

161 2579 274 2637 wurde.
298 2575 327 2657 (i.
352 2599 379 2637 e.
406 2580 512 2636 Oratio
534 2578 667 2637 funebris
688 2583 717 2637 iu
733 2580 916 2637 Matthaeum
937 2578 991 2636 ab·

161 2684 262 2742 batem
293 2682 550 2763 Admontensem.)
585 2686 799 2760 Vorgetragen
834 2683 893 2740 und
924 2682 990 2741 dem

162 2788 422 2863 Hochwilrdigen‚
447 2787 743 2863 Hochedlgebornen
767 2787 825 2844 und
846 2788 990 2861 Hoehge·

161 2890 280 2951 lehrten
303 2894 402 2949 Herrn
424 2893 524 2950 Herm
544 2890 721 2961 Columban‚
745 2893 799 2949 des
821 2892 990 2967 gedachten

162 2997 393 3055 hochloblichen
420 2995 526 3054 Stiftes
552 2997 739 3071 wurdigsten
766 2997 990 3053 neuerwahlten

162 3101 321 3177 Gnadigen
337 3102 436 3157 Herrn
453 3102 553 3157 Herrn
565 3100 645 3158 Abte
660 3099 906 3175 zugeschrieben.
922 3102 948 3157 F
949 3100 989 3158 ol.

162 3206 202 3264 28
212 3225 242 3282 p.
258 3203 437 3280 Pressburg,
450 3205 600 3280 gedruckt
613 3204 662 3262 bei
671 3206 767 3261 Franz
777 3204 856 3278 Aug.
865 3205 989 3271 Patale,

161 3312 237 3388 priv.
255 3310 479 3368 Buchdrucker.

245 3474 389 3549 Hauer
403 3485 988 3569 Gregorius(Seitenstadien-

160 3603 240 3685 sis),
256 3613 361 3666 natus
374 3604 597 3667 Ernstbrunii
612 3605 649 3667 in
664 3604 741 3667 foro
753 3605 922 3669 Austriae
939 3606 989 3668 in·

159 3724 297 3789 ferioris
324 3725 381 3788 die
404 3732 433 3789 3.
458 3727 561 3789 Febr.
593 3731 688 3809 1753,
718 3729 843 3790 eodem
867 3746 988 3790 mense

159 3848 242 3911 anni
258 3868 337 3928 ¹772
352 3849 387 3910 in
400 3849 615 3911 monasterio
625 3847 922 3913 Seitenstadiensi
934 3870 989 3912 sa·

160 3990 256 4032 crum
277 3969 390 4032 induit
409 3970 568 4033 habitum
585 3980 622 4033 et
638 3970 695 4033 die
716 3991 763 4034 10.
780 3970 884 4033 Febr.
908 3978 987 4052 1773

158 4100 243 4154 vota
271 4091 388 4155 emisit
412 4092 491 4155 Deo
516 4093 708 4155 sollemnia.
738 4093 927 4157 Absolutis
954 4094 988 4157 in

158 4213 372 4277 monasterio
386 4212 685 4278 Seitenstadiensi
697 4215 899 4298 theologiae
915 4225 988 4277 stu-

159 4334 226 4397 diis
255 4335 312 4398 die
341 4341 368 4398 8.
397 4335 475 4400 Oct.
505 4356 583 4416 1777
610 4346 798 4419 neomysta
821 4338 987 4401 adaram

158 4458 268 4521 stetit.
307 4458 426 4521 Variis
457 4458 538 4521 dein
571 4457 714 4531 officiis,
746 4472 784 4522 ut
814 4460 988 4543 praefecti

158 4581 388 4662 alumnorum,
407 4582 615 4644 catechetae
632 4590 667 4645 et
684 4581 870 4644 directoris
886 4584 987 4645 scho-

157 4704 269 4765 larum
289 4703 507 4785 normalium,
528 4704 769 4785 cooperatoris
790 4704 825 4766 in
842 4704 989 4767 Asbach

160 4826 299 4887 demum
319 4825 465 4905 parochi
481 4796 517 4887 in
534 4824 746 4889 Wolfsbach
764 4835 819 4888 est
834 4825 987 4889 functus.

159 4945 333 5010 Sanitatis
352 4947 620 5028 recuperandae
638 4965 746 5009 causa
762 4947 797 5009 in
812 4957 988 5010 monaste-

158 5067 246 5130 rium
267 5087 367 5131 suum
388 5073 468 5130 1818
489 5068 594 5131 rediit
617 5068 737 5150 ibique
762 5068 818 5131 die
841 5073 871 5132 6.
888 5066 988 5149 Sept.

1073 1118 1220 1193 Compon.
1252 1128 1342 1189 1791.
1375 1115 1571 1192 Manuscript.
1599 1116 1629 1171 in
1656 1114 1768 1172 archiv.

1073 1218 1256 1278 Seitenstad.
1274 1219 1393 1278 adserv.

1159 1326 1197 1382 11.
1215 1327 1278 1382 Der
1294 1324 1412 1382 Binder.
1430 1324 1588 1400 Operette.
1605 1320 1636 1402 (i.
1651 1322 1778 1381 evicto

1073 1449 1121 1488 ma
1137 1431 1274 1487 melicum
1289 1425 1434 1511 brevius.)
1458 1429 1593 1485 Manusc.
1617 1429 1646 1485 in
1667 1427 1777 1486 archiv.

1052 1534 1255 1593 ·Seitenstad.
1273 1534 1392 1592 adserv.

1159 1663 1375 1737 Hausherr
1407 1674 1613 1738 Basilius
1645 1675 1776 1756 (Mure

1072 1802 1177 1856 natus
1200 1803 1255 1856 est
1278 1792 1313 1855 in
1334 1792 1445 1857 Cham
1468 1793 1503 1856 in
1524 1793 1698 1877 Tugiensi
1713 1792 1779 1857 Hel

1072 1924 1175 1997 parte
1193 1915 1250 1979 die
1267 1938 1297 1993 4.
1314 1915 1400 1978 Maii
1420 1919 1510 1999 1755,
1528 1915 1778 1998 professionem

1071 2058 1148 2100 rum
1165 2037 1282 2101 emisit
1298 2037 1356 2101 die
1373 2059 1401 2103 2.
1418 2038 1481 2101 Iul.
1503 2041 1583 2118 1775
1606 2047 1642 2102 et
1663 2040 1778 2102 sacerc¹

1072 2159 1172 2222 inivit
1189 2159 1246 2222 die
1267 2164 1314 2224 15.
1331 2159 1418 2222 Maii
1439 2179 1529 2240 1779.
1554 2159 1640 2223 Erat
1661 2161 1778 2224 decani

1071 2281 1149 2345 nior
1162 2291 1198 2345 et
1209 2281 1388 2346 iubilatus.
1406 2280 1505 2347 Obiit
1516 2282 1553 2344 in
1563 2282 1677 2346 Muris
1689 2282 1746 2346 die
1761 2305 1771 2345 1

1076 2409 1167 2484 1837.
1195 2401 1362 2487 Scripsit:

1158 2532 1180 2588 Ι.
1198 2528 1303 2586 Leben
1319 2530 1373 2587 des
1389 2529 1428 2585 hl.
1445 2528 1599 2586 Benedict.
1617 2526 1646 2607 (i.
1664 2549 1691 2587 e.
1708 2528 1739 2588 S.
1755 2531 1776 2587 P

1070 2635 1141 2692 dieti
1158 2632 1241 2713 vita.)
1257 2636 1313 2691 Ms.
1332 2637 1359 2690 in
1376 2632 1448 2691 bibl.
1465 2633 1672 2692 Muto-Gries.
1688 2634 1761 2693 Cod.

1157 2741 1195 2796 II.
1212 2739 1320 2796 Varios
1337 2757 1501 2796 sermones.
1519 2737 1595 2795 lbid.
1617 2754 1642 2796 1.
1663 2739 1712 2813 78.

1155 2868 1398 2941 Hauswirth
1435 2879 1668 2943 Ernestus
1703 2880 1778 2945 Gal

1071 2994 1276 3077 (Scotensi
1284 2996 1323 3077 s),
1336 2996 1605 3061 Rausenbruck
1617 2998 1653 3060 in
1665 2999 1778 3063 Morav

1071 3122 1120 3181 25.
1138 3116 1238 3201 Sept.
1261 3122 1339 3180 1818
1357 3128 1471 3201 natus,
1494 3139 1573 3182 cum
1589 3122 1766 3204 gymnasii

1069 3241 1165 3321 apud
1190 3238 1636 3306 Benedictino·Scotenses
1657 3243 1778 3308 Vienni

1068 3361 1208 3444 luisset,
1241 3362 1414 3425 absolutis
1451 3363 1708 3446 philosophicis
1737 3367 1770 3428 in

1067 3482 1221 3546 Vindob.
1247 3484 1456 3568 discipliniS,
1482 3488 1735 3550 monasterium
1761 3488 1778 3551 11

1069 3625 1129 3668 sus
1146 3618 1200 3669 est
1221 3606 1278 3669 die
1300 3628 1347 3686 14.
1365 3605 1465 3690 Sept.
1487 3612 1566 3670 1858
1588 3609 1778 3692 ibidemque

1069 3728 1150 3792 cinii
1177 3738 1337 3812 tempore
1365 3730 1488 3811 elapso
1517 3739 1602 3792 vota
1629 3730 1778 3794 sollemni

1069 3854 1098 3913 3.
1112 3848 1191 3913 Oet.
1209 3856 1285 3927 1841
1302 3850 1427 3913 emisit.
1445 3850 1597 3914 Emenso
1611 3853 1739 3916 deinde
1755 3853 1778 3915 in

1069 3971 1221 4034 Vindob.
1239 3992 1265 4035 s.
1282 3973 1485 4055 theologiae
1502 3993 1617 4054 cursu,
1640 3976 1778 4039 celebra

1069 4093 1126 4156 die
1143 4098 1172 4156 ό.
1190 4094 1283 4177 Aug.
1305 4099 1384 4173 1843
1402 4096 1622 4179 primitiis’s„
1645 4097 1778 4161 alumnh

1069 4215 1192 4280 candis
1223 4227 1278 4279 est
1310 4217 1523 4299 praefectus.
1556 4217 1685 4283 Studio
1711 4222 1778 4285 inte

1067 4338 1271 4421 theologiae
1287 4349 1387 4402 tanto
1405 4360 1484 4403 cum
1500 4339 1642 4404 fervore
1659 4342 1778 4406 incuml

1067 4470 1115 4540 ut,
1138 4461 1207 4523 iam
1225 4463 1464 4525 doctorandus
1485 4483 1550 4544 pro
1572 4484 1666 4527 anno
1687 4465 1778 4528 schol

1072 4586 1210 4666 1845l4⁶
1237 4583 1419 4665 professor
1444 4586 1617 4667 supplens
1645 4586 1778 4652 historia

1068 4706 1290 4770 clesiasticae
1319 4706 1352 4768 in
1381 4707 1474 4770 univ.
1498 4706 1654 4774 Vindob.
1680 4711 1778 4793 desig

1069 4835 1259 4908 ann01847
1284 4829 1438 4893 doctoris
1463 4850 1489 4893 s.
1515 4832 1720 4915 theologiae
1739 4833 1778 4895 lai

1069 4950 1270 5027 obtinuerit,
1287 4970 1441 5032 moxque
1456 4972 1548 5015 anno
1566 4957 1645 5016 1852
1660 4955 1778 5017 decani

1068 5071 1152 5153 legii
1177 5042 1361 5133 doctorum
1384 5071 1505 5137 facult.
1532 5074 1689 5157 theolog.
1714 5075 1778 5138 ine

163 5195 241 5253 1822
259 5201 417 5254 mortuus
435 5200 499 5254 est.
524 5191 623 5254 Artis
640 5192 795 5255 musicae
817 5191 989 5275 peritissi-
1068 5192 1161 5255 univ.
1179 5193 1225 5255 sit
1241 5193 1385 5256 electus.
1410 5194 1551 5256 Interea
1572 5195 1705 5259 ibidem
1725 5214 1778 5280 pro

158 5333 235 5377 mus
259 5315 446 5377 multorum
473 5315 700 5397 musicorum,
725 5315 760 5378 in
784 5313 907 5395 primis
923 5313 988 5376 Mi·
1068 5316 1233 5379 scholast.
1256 5320 1371 5398 1847s8
1389 5326 1425 5378 et
1442 5317 1778 5399 1848l9pr0fessore1

158 5437 291 5501 chaelis
306 5437 438 5520 Haydn
455 5436 696 5500 familiaritate
713 5447 768 5500 est
783 5456 877 5499 usus.

1026 5452 1030 5512 l

1067 5438 1292 5519 supplentem
1314 5438 1495 5501 doctrinae
1513 5441 1667 5506 moralis.
1690 5442 1778 5505 Anni
