4088 6270
1004 489 1047 500 -
1091 452 1214 515 XCVI
1260 490 1300 499 -

287 690 413 761 postea
447 679 587 762 singula
621 678 835 741 monasteria
866 676 1148 761 Cremifanense,
1179 677 1439 760 Lambacense,
1468 677 1658 761 Scotense,
1682 677 1818 741 Mariae
1844 658 2036 755 Cellenses

288 818 529 901 Gottvicense,
547 817 752 900 Garstense,
769 820 1014 882 Admontense
1038 818 1177 882 omissis
1200 817 1471 881 auctoritatibus
1493 819 1774 899 perseverabant
1790 820 1822 898 ι).
1865 816 1921 879 At
1936 835 2022 878 vero

288 960 428 1023 nomina
452 959 628 1022 annalium
651 959 873 1040 scriptorum,
898 978 976 1021 cum
1000 967 1143 1040 praeter
1157 957 1186 1020 F
1188 957 1374 1020 tidericum
1392 954 1624 1019 Garstensem
1646 957 1763 1019 nullus
1787 955 2023 1038 adscripserit

287 1117 424 1179 nomen,
448 1096 598 1180 proferri
620 1117 690 1160 non
713 1106 872 1179 possunt.

416 1236 530 1317 Quam
554 1236 844 1298 consuetudinem
866 1236 1013 1297 annales
1036 1235 1214 1298 scribendi
1238 1234 1344 1298 etiam
1367 1233 1428 1296 filii
1453 1255 1479 1298 s.
1503 1234 1691 1298 Benedicti
1718 1235 1754 1298 in
1777 1234 1956 1297 Bohemia
1983 1242 2018 1296 et

287 1374 448 1438 Moravia
471 1375 634 1437 viventes
665 1373 804 1437 ardenti
834 1375 952 1438 studio
983 1374 1139 1457 amplexi
1170 1383 1261 1437 sunt.
1308 1373 1529 1456 Quamquam
1552 1374 1649 1437 vitae
1673 1394 1700 1438 s.
1717 1373 1913 1437 Adalberti
1936 1374 2017 1436 Pra-

287 1514 408 1598 gensis
443 1513 602 1595 episcopi
637 1523 672 1577 et
704 1511 877 1576 Guntheri
911 1516 957 1575 ab
992 1513 1149 1576 extemis
1185 1513 1419 1596 scriptoribus
1452 1512 1636 1597 profectae
1668 1514 1798 1595 sunt2),
1831 1522 1952 1579 tamen
1982 1511 2013 1573 in

287 1651 480 1715 Bohemiae
502 1651 725 1714 monasteriis
748 1671 858 1734 saepe
881 1651 1082 1734 descriptae
1114 1662 1149 1715 et
1177 1652 1285 1715 variis
1312 1672 1383 1715 non
1409 1672 1588 1733 nunquam
1614 1651 1721 1715 etiam
1749 1651 1851 1715 falsis
1879 1651 2010 1715 addita-

287 1791 414 1854 mentis
438 1801 564 1853 auctae
587 1801 679 1854 sunt.

416 1930 471 1993 Ibi
494 1930 698 1992 Herodotus
718 1929 819 2011 quasi
841 1929 1011 1993 historiae
1026 1930 1241 1993 Bohemicae
1258 1927 1415 2011 CosmaS,
1440 1929 1614 1993 ecclesiae
1630 1928 1825 2012 Pragensis
1848 1930 2002 2008 decanus,

288 2070 403 2132 factus
434 2082 506 2142 est:
541 2068 812 2131 commentarios
843 2089 926 2132 suos
957 2071 1163 2151 plerumque
1194 2089 1239 2130 ex
1268 2068 1454 2131 annalibus
1477 2067 1757 2151 Pragensibus³)
1789 2068 1923 2149 hausit,
1952 2067 2008 2149 qui

288 2210 430 2271 saeculo
455 2208 521 2271 XI.
547 2208 710 2289 dispositi
735 2210 780 2270 ab
804 2228 895 2270 anno
920 2228 979 2287 997
1005 2209 1050 2270 ad
1074 2206 1242 2270 historiae
1265 2205 1371 2270 fidem
1395 2206 1587 2288 conscripti
1611 2216 1701 2269 sunt.
1737 2205 1842 2287 Quod
1865 2225 2017 2269 commo-

287 2356 388 2409 verat
404 2345 560 2426 Cosmas,
585 2366 655 2408 non
679 2346 916 2409 intermissum
941 2355 995 2409 est
1017 2346 1189 2427 multique
1212 2366 1327 2408 rerum
1343 2355 1525 2428 gestarum
1542 2343 1782 2426 explicatores
1798 2344 2020 2429 prodierunt,

288 2486 322 2547 in
347 2505 494 2566 quorum
517 2485 725 2548 societatem
747 2459 859 2549 filii's.
885 2485 1072 2548 Benedicti
1099 2505 1170 2548 non
1198 2485 1274 2547 sine
1302 2485 1406 2547 laude
1430 2493 1615 2547 venerunt.
1660 2481 1818 2564 Quorum
1845 2484 1880 2546 in
1907 2483 2023 2546 libros

287 2623 464 2687 referendi
487 2635 568 2687 sunt
591 2625 736 2686 annales
760 2621 1015 2705 GradicenseS,
1047 2624 1107 2705 qui
1135 2623 1315 2686 monachis
1342 2642 1369 2686 9.
1393 2622 1580 2685 Benedicti
1603 2623 1720 2686 locum
1744 2623 1910 2686 dantibus
1928 2618 2019 2682 filiis

288 2762 454 2825 Norberti
482 2761 688 2843 intermissi,
712 2782 734 2823 a
756 2762 928 2824 monacho
952 2760 1208 2843 Opatovicensi
1230 2780 1335 2842 porro
1358 2761 1501 2824 tractati
1525 2770 1606 2824 sunt
1619 2762 1654 2843 ⁴).
1697 2761 1833 2823 Eodem
1858 2770 2023 2841 tempore

288 2900 480 2962 monachus
503 2900 646 2983 ignotus
670 2898 894 2963 Sazaviensis
918 2885 1067 2963 Cosmae
1090 2900 1189 2963 libris
1213 2902 1389 2982 quaedam
1417 2920 1463 2963 ex
1492 2900 1679 2962 annalibus
1702 2899 2023 2962 Hersfeldensibus

288 3047 334 3118 et,
358 3058 450 3119 quae
473 3037 568 3100 fama
592 3049 627 3101 et
650 3038 831 3101 auditione
855 3049 1054 3120 acceperat,
1077 3038 1216 3101 addidit
1231 3058 1363 3120 eosque
1380 3039 1425 3100 ad
1441 3058 1571 3101 annum
1592 3042 1669 3099 1162
1689 3047 1745 3100 est
1764 3034 2025 3120 prosecutus⁵)·

279 3177 412 3258 'Neque
435 3177 550 3239 minus
579 3177 613 3238 in
642 3177 719 3239 aliis
747 3199 773 3241 s.
798 3178 984 3241 Benedicti
1014 3177 1237 3240 monasteriis
1268 3177 1395 3240 litteris
1425 3177 1700 3259 mandabantur,
1732 3176 1763 3238 si
1795 3195 1885 3257 quae
1914 3178 2026 3237 erant

287 3314 428 3377 maioris
452 3317 620 3379 momenti
635 3317 669 3398 ⁶).

413 3594 433 3675 ¹)
457 3597 588 3653 Annales
611 3599 800 3655 Mellicenses
825 3598 1000 3655 dividuntur
1025 3600 1052 3653 in
1077 3599 1109 3670 a)
1131 3597 1263 3653 Annales
1288 3595 1478 3652 Mellicenses
1502 3593 1551 3674 (ab
1575 3614 1654 3652 9999
1682 3592 1854 3674 1-1123),
1883 3596 1913 3669 b)
1933 3595 2025 3651 Con·

286 3711 478 3765 tinuationem
509 3710 711 3767 Mellicensem
743 3707 994 3788 (1124—1564),
1030 3711 1059 3781 c)
1086 3709 1259 3765 Auctarium
1292 3708 1464 3764 Mellicense
1495 3704 1719 3785 (508—1269).
1761 3708 1891 3765 Annales
1920 3708 2025 3783 ipsius

285 3825 455 3878 monasterii
473 3821 704 3879 Cremisanensis
728 3824 872 3898 incipiunt
895 3821 933 3878 ab
952 3840 1030 3878 anno
1051 3835 1132 3894 1139
1156 3834 1187 3877 et
1202 3819 1373 3876 dividuntur
1389 3822 1418 3875 in
1434 3822 1467 3893 a)
1483 3820 1744 3876 Continuationem
1761 3820 2024 3877 Cremifanensem

284 3932 530 4012 (1139-1219),
555 3934 585 4008 b)
600 3934 774 3991 Auctarium
792 3933 1016 3991 Cremilanense
1033 3928 1257 4010 (249-1217).
1290 3931 1422 3989 Annales
1445 3930 1670 3988 Lambacenses
1694 3934 1752 4008 ipsi
1777 3935 1946 4008 incipientes
1972 3919 2026 3981 ab

284 4065 361 4102 anno
383 4047 462 4104 1128
479 4046 649 4103 dividuntur
664 4050 694 4102 in
713 4049 745 4120 a)
760 4047 934 4103 Auctarium
950 4044 1159 4103 Lambacense
1175 4041 1422 4123 (1128—1197),
1447 4045 1478 4118 b)
1494 4045 1756 4101 Continuationem
1774 4044 2026 4101 Lambaeensem

283 4158 530 4237 (1197-1348).
562 4130 693 4216 Annales
718 4160 888 4226 Scotorum,
914 4179 991 4216 nunc
1015 4160 1208 4215 Continuatio
1233 4157 1393 4215 Scotorum
1417 4159 1568 4224 nominati,
1598 4159 1742 4233 incipiunt
1766 4157 1805 4215 ab
1828 4177 1904 4215 anno
1929 4153 2027 4212 1225

284 4286 314 4326 91
336 4272 503 4347 procedunt
526 4272 563 4328 ad
587 4291 694 4329 annum
724 4286 812 4343 1233.
852 4272 996 4329 Auctario
1020 4273 1133 4327 Mariae
1159 4271 1299 4338 Cellensi‚
1328 4270 1409 4346 quod
1432 4284 1568 4337 vocatur,
1597 4272 1787 4326 continentur
1812 4272 1879 4326 anni
1903 4266 2030 4343 978²

287 4398 377 4457 1259.
402 4383 535 4440 Annales
551 4383 767 4441 Gottvicenses
789 4404 884 4441 annos
906 4383 1117 4455 1068-1230
1141 4385 1388 4461 complectuntur.
1414 4383 1595 4440 Garstenses
1612 4385 1640 4439 in
1656 4383 1831 4440 Auctarium
1849 4378 2037 4440 (3919191151ε

283 4493 496 4573 (480-1139)
513 4510 543 4552 91
559 4497 820 4553 Continuationem
836 4498 1032 4554 Garstensem
1050 4494 1296 4575 (1182-1257),
1320 4497 1540 4553 Admontenses
1557 4498 1586 4551 in
1602 4494 1726 4553 annales
1743 4498 1827 4572 ipsos
1843 4470 2041 4575 (1-11391

283 4621 313 4663 91
336 4608 596 4666 Continuationem
619 4609 854 4667 Admontcnsem
879 4607 1115 4688 (1182—1257)
1140 4609 1319 4666 dividuntur.
1350 4609 1440 4666 Plura
1462 4609 1530 4665 vide
1553 4608 1632 4685 apud
1655 4607 1856 4666 Wattenbach
1881 4608 1898 4665 l.
1922 4626 1945 4663 9.
1994 4586 2042 4648 ῘῙ·

411 4718 433 4799 2)
456 4719 658 4778 Wattcnbach
682 4723 701 4778 1.
727 4742 752 4779 9.
777 4724 813 4780 II.

411 4831 434 4912 ³)
458 4833 544 4890 Edid.
569 4834 604 4890 R.
630 4836 739 4911 deke
763 4837 791 4891 in
814 4836 902 4892 Pertz
926 4836 943 4892 1.
970 4855 995 4892 9.
1020 4833 1076 4892 SS.
1101 4836 1152 4890 IX.

409 4944 431 5025 ⁴)
455 4945 542 5002 Edid.
559 4945 761 5004 Wattenbach
785 4951 814 5004 in
838 4950 924 5004 Pertz
951 4948 969 5004 l.
994 4966 1020 5003 9.
1045 4945 1101 5004 SS.
1125 4947 1221 5005 XVII.

408 5057 431 5138 ⁵)
455 5057 541 5115 Edid.
567 5059 602 5114 R.
628 5060 747 5135 Kripke.

408 5166 430 5251 ὑ)
454 5169 655 5228 Wattenbach
679 5172 697 5228 1.
715 5191 740 5228 9.
765 5172 802 5228 Il.
827 5172 1002 5228 Radimillus
1025 5172 1073 5227 vel
1098 5171 1303 5227 Rothomanus
1326 5169 1432 5239 abbas,
1457 5189 1544 5245 quem
1561 5170 1760 5245 Ziegelbauer
1783 5157 2042 5230 1911111εὲΞῖ

281 5282 404 5340 Balbino
431 5284 592 5356 „Origines
617 5283 845 5340 Klatovienses‘⁴¹
873 5284 1041 5340 99991111.
1067 5284 1226 5359 scripsisse
1250 5282 1330 5350 dicit,
1363 5283 1420 5338 hoc
1445 5283 1513 5339 loco
1536 5285 1684 5338 numerari
1708 5303 1768 5341 non
1792 5299 1908 5361 potest,
1940 5272 2042 5338 ct11

281 5395 410 5451 Klatovii
435 5393 537 5473 (Frind
562 5396 579 5451 1.
605 5415 630 5450 9.
655 5393 703 5474 ΙΙ.)
728 5398 941 5452 monasterium
967 5395 1081 5451 ordinis
1104 5414 1128 5451 9.
1146 5394 1298 5451 Benedicti
1324 5413 1473 5469 nunquam
1498 5393 1594 5451 suerit.
