4034 6262
663 490 945 560 „131-

138 677 303 740 exercitia
319 677 505 759 regularia.
523 675 688 739 Accessit
701 695 761 738 an·
840 669 908 733 nisi
917 670 1023 733 etiam
1035 670 1237 733 immunitas
1250 670 1494 734 ecclesiastica
1507 690 1549 734 eo
1558 692 1672 753 usque

125 799 212 862 ritas
237 802 282 861 ab
308 799 488 861 hominum
514 798 684 860 memoria
711 798 762 860 in·
801 879 803 895 Ι
841 813 863 854 a
885 792 1069 855 catholicis
1093 792 1312 874 principibus
1328 805 1452 856 sancte
1469 796 1670 877 observata,

124 939 234 985 :anno
254 942 330 1001 1771
351 930 387 984 et
408 940 486 1000 177²
507 920 621 983 nuntii
641 921 762 983 tristes
801 903 804 1025 ᾗ
840 914 949 977 variis
966 914 1122 996 dirisque
1138 915 1252 978 modis
1272 915 1440 978 lacessita
1456 925 1492 978 et
1507 917 1672 980 restricta

124 1044 368 1107 >riclitantibus
384 1046 431 1107 ob
447 1043 563 1107 victus
579 1043 761 1127 penuriam
801 1052 804 1149 ἶ
842 1047 947 1100 esset.
971 1038 1165 1100 Praeterea
1186 1037 1418 1100 dominiorum
1442 1038 1575 1118 passim
1597 1039 1672 1102 vio-

124 1188 167 1231 ur.
184 1167 393 1230 Vindemiae
406 1185 547 1248 quoque
564 1187 628 1248 per
643 1168 763 1247 plures
801 1178 804 1279 7
841 1161 915 1223 lata
930 1159 1016 1242 iura,
1029 1163 1203 1243 abrogata
1216 1161 1461 1242 antiquissima
1473 1161 1672 1246 privilegia,

801 1292 804 1335 i
842 1285 1057 1346 concordata
1073 1283 1164 1345 inter
1179 1283 1359 1364 principes
1380 1292 1416 1346 et
1432 1283 1575 1346 ordines
1592 1305 1673 1366 pro-

140 1431 241 1474 usum
263 1411 347 1473 vina
370 1430 453 1473 caro
480 1409 596 1493 pretio
623 1409 763 1472 emendi
801 1424 804 1499 g
841 1405 1037 1469 vinciarum
1050 1407 1228 1487 quondam
1244 1406 1331 1469 inita
1343 1418 1379 1469 et
1395 1426 1486 1470 nunc
1502 1408 1673 1487 perfricta

124 1311 138 1352 1
161 1291 314 1373 exiguus
338 1301 415 1351 erat
435 1300 641 1370 proventus,
662 1297 701 1350 ut
716 1289 762 1349 ad

124 1545 234 1617 geret
250 1533 456 1597 necessitas.
480 1534 517 1596 A
536 1532 623 1595 foris
643 1531 763 1595 acerbi

142 1657 323 1738 domibus,
356 1675 448 1737 quae
475 1657 520 1718 ad
549 1676 576 1720 s.
602 1656 762 1718 Blasium

124 1788 153 1860 ll,
177 1778 344 1841 incendio
366 1778 595 1860 consumptis,
612 1778 708 1860 agris
725 1788 761 1840 et

123 1900 231 1964 ndine
244 1900 451 1982 devastatiS,
468 1901 526 1962 lue
540 1900 575 1963 in
587 1900 761 1983 gregibus
799 1924 802 1961 ι

124 2033 312 2106 grassante
332 2023 486 2085 animum
507 2022 650 2084 abbatis
671 2020 761 2084 affli-

124 2144 241 2208 teinae
257 2145 359 2226 intra,
376 2155 412 2207 et
428 2145 546 2207 Albae
568 2154 671 2206 extra
687 2163 761 2206 mu·

124 2267 156 2329 tii
173 2265 363 2329 defluentis
375 2267 559 2329 inundatio
571 2285 664 2328 anno
682 2270 761 2346 1778

124 2408 222 2472 [gens
239 2389 488 2452 detrimentum
508 2389 631 2470 pratiS,
655 2389 761 2472 lignis

124 2511 224 2574 blicis
244 2511 483 2593 importatum,
504 2520 650 2592 pontem
672 2531 691 2572 e
712 2512 762 2573 la-

124 2634 237 2697 radris
253 2634 370 2696 Albae
387 2633 602 2714 impositum,
624 2633 684 2714 qui
701 2635 761 2694 de·
800 2694 802 2706 ,

124 2896 176 2959 en,
198 2896 268 2958 quo
289 2877 445 2939 secunda
461 2876 540 2939 vice
562 2896 653 2940 anno
680 2882 760 2955 1775

133 3001 179 3062 de
192 3019 295 3062 mane
311 2999 347 3061 in
360 3000 468 3061 aedes
480 3010 606 3081 portae
618 3001 761 3063 maioris

124 3120 762 3203 uit,eonsumensteetumampliaedi-

123 3243 276 3323 serecti,
298 3243 489 3305 exterritus
510 3245 555 3304 ad
577 3243 761 3325 expositos

124 3384 171 3428 :er
196 3365 267 3427 alia
289 3364 446 3446 scripsit:
474 3365 761 3448 „Misericordiae

124 3487 179 3549 uia
190 3506 261 3549 non
278 3507 398 3549 sumus
412 3486 643 3569 consumpti“.
661 3486 761 3549 Eius·

124 3630 159 3671 ‚a
167 3609 247 3672 Deo
259 3609 426 3691 pervires
435 3619 582 3671 naturae
594 3609 761 3689 immissa,

123 3730 254 3812 issima,
275 3730 394 3793 mitius
414 3730 622 3812 plerumque
644 3729 760 3811 perfe-

124 3873 188 3916 iam
209 3852 368 3933 nequitia
384 3852 564 3914 hominum
584 3851 760 3915 intentata

125 4024 134 4056 ,
163 3994 204 4036 ac
232 3995 381 4056 quorum
408 3975 559 4057 plurima
586 3976 758 4056 optimum

124 4099 397 4180 ipercellebant.
423 4096 482 4161 Sic
504 4098 573 4180 ipsi
589 4099 756 4160 acerbum

123 4217 220 4282 ffecit
236 4223 282 4282 ab
299 4221 380 4282 aula
402 4238 571 4283 caesarea
594 4220 757 4282 aliorum-

124 4361 212 4423 pum
228 4360 366 4422 exorsa,
384 4343 450 4402 sub
467 4341 631 4421 specioso
647 4340 757 4404 refor-

124 4463 210 4527 itulo
227 4464 407 4525 occultata
423 4463 626 4544 persecutio
644 4464 757 4525 eccle·

124 4586 325 4648 tulabantur
356 4585 637 4665 conscriptiones
665 4585 757 4648 redi·
795 4594 798 4643 Ι

124 4716 347 4771 >reventuum
370 4727 392 4768 a
417 4706 598 4769 coenobiis
622 4706 758 4769 mendi-

124 4830 346 4894 arochiarum
354 4831 561 4909 rectoribus,
572 4840 607 4892 et
619 4830 758 4912 piarum

124 4976 149 5018 11
162 4954 528 5025 administratoribus;
547 4965 582 5015 et
597 4973 675 5015 cum
688 4954 758 5014 cle-

124 5076 253 5158 scopis
275 5076 475 5157 prohibitus
496 5076 638 5137 tradere
658 5095 758 5138 recu-

124 5198 280 5265 :entibus
292 5200 446 5260 mulctae
460 5208 559 5260 erant
571 5198 757 5280 inrogatae
795 5210 797 5297 7

126 5322 291 5388 inatione
312 5321 511 5383 exactionis
531 5340 596 5401 per
616 5320 755 5383 milites.
794 5330 797 5385 l

128 5448 265 5513 fuisset
280 5444 487 5524 temporalis
504 5444 592 5505 haec
610 5443 755 5525 iactura,
793 5466 796 5507 l

124 2754 266 2818 florenis
279 2763 438 2837 steterat,
448 2753 608 2817 funditus
621 2753 760 2818 evertit.

842 1537 879 1590 et
894 1528 992 1590 nihili
1014 1528 1201 1590 aestimata
1217 1529 1373 1592 Martino
1395 1530 1585 1593 immensos
1607 1551 1673 1612 pro

841 1650 895 1714 sui
911 1660 948 1713 et
964 1651 1150 1715 anterioris
1167 1652 1316 1715 Austiia
1328 1655 1578 1716 coenobiorum
1591 1674 1674 1717 con-

840 1774 1041 1857 servatione
1070 1775 1298 1838 conciverunt
1325 1777 1466 1839 labores
1493 1786 1530 1839 et
1557 1797 1671 1842 curas.

841 1894 982 1960 Subditi
992 1897 1225 1960 dominiorum
1239 1898 1387 1979 imperia
1400 1918 1578 1982 respuere,
1591 1920 1673 1963 vec·

840 2019 979 2102 tigalia,
1003 2019 1137 2083 tributa
1160 2030 1197 2083 et
1220 2041 1465 2104 quaecumque
1487 2033 1673 2105 praestare

840 2141 934 2204 soliti
951 2153 1061 2224 erant,
1078 2145 1244 2225 abnuere,
1267 2153 1303 2206 et
1319 2145 1491 2226 quidquid
1513 2147 1671 2227 lubebat,

841 2273 1017 2327 attentare
1038 2265 1115 2328 ausi
1135 2276 1226 2328 sunt.
1251 2267 1417 2329 Accessit
1438 2269 1484 2329 ad
1500 2268 1672 2331 malorum

841 2389 1018 2450 cumulum
1041 2389 1264 2451 detestabilis
1285 2365 1441 2470 ‘perfidia
1468 2410 1577 2471 supra
1600 2411 1672 2454 me-

840 2510 967 2572 morati
983 2510 1144 2573 Marcelli
1160 2508 1377 2574 Graenicher
1397 2522 1433 2575 et
1453 2512 1585 2594 ingrati
1603 2514 1673 2576 cle-

840 2631 913 2713 rici,
930 2631 1000 2713 qui,
1018 2632 1180 2713 quamvis
1196 2632 1336 2695 titulum
1353 2653 1496 2696 mensae
1512 2655 1534 2697 a
1550 2655 1576 2699 s.
1590 2637 1673 2698 Bla-

840 2752 893 2815 sio
914 2753 1104 2836 acceperit,
1125 2773 1152 2818 s.
1170 2754 1283 2816 Blasii
1306 2755 1468 2818 subditos
1491 2758 1672 2820 concitare

840 2876 1032 2957 adgressus
1045 2885 1110 2958 est,
1120 2886 1169 2956 ut,
1181 2876 1323 2939 abiecto
1336 2876 1419 2960 iugo
1431 2877 1610 2960 Blasiano,
1625 2882 1673 2941 ad

839 2998 1673 3084 libertatemAustriacamadspirarent,sedcum

841 3121 992 3203 insulsiS,
1012 3121 1148 3185 frivolis
1169 3131 1206 3185 et
1225 3122 1451 3185 calumniosis
1476 3124 1630 3204 querelis
1651 3145 1674 3186 a

840 3264 1006 3325 supremo
1015 3243 1154 3326 imperii
1165 3244 1269 3306 aulici
1281 3254 1408 3308 senatu
1417 3266 1496 3308 cum
1508 3246 1673 3328 indigna-

840 3366 937 3429 tione
962 3366 1115 3430 reiectus
1140 3376 1204 3431 est.
1228 3366 1323 3448 Quid
1348 3367 1482 3448 mirum,
1506 3368 1537 3429 si
1558 3377 1612 3430 tot
1635 3379 1672 3431 et

840 3488 949 3551 tantis
969 3507 1163 3570 oppressus
1188 3489 1450 3551 calamitatibus
1473 3492 1586 3552 abbas
1607 3509 1673 3570 pu-

839 3609 932 3673 blice
949 3609 1133 3692 professus
1149 3619 1218 3673 est:
1244 3611 1322 3693 „Nil
1337 3611 1515 3674 lubentius
1532 3611 1670 3674 facere·

838 3752 926 3815 muS,
950 3753 1056 3814 quam
1079 3731 1207 3815 officio,
1232 3733 1266 3795 in
1291 3753 1360 3814 quo
1385 3733 1543 3815 quotidie
1568 3733 1672 3796 novis

838 3854 1019 3918 obruimur
1033 3854 1144 3937 malis,
1162 3864 1289 3936 sponte
1306 3854 1466 3917 cedere“.
1489 3854 1597 3936 Piget
1612 3853 1670 3917 hic

837 3978 984 4061 addere,
1011 3977 1183 4058 optimum
1210 3986 1349 4059 patrem
1377 3987 1520 4058 praeter
1545 3978 1668 4039 hostes

837 4108 1006 4162 externos
1029 4099 1122 4162 inter
1135 4097 1227 4162 filios
1243 4118 1394 4181 quoque,
1412 4117 1500 4179 quos
1517 4106 1668 4179 paterno

836 4240 978 4303 semper
990 4241 1109 4285 amore
1122 4222 1329 4303 complexus
1343 4232 1407 4302 est,
1425 4221 1667 4283 adversarium

835 4343 947 4406 fuisse
975 4355 1172 4425 expertum,
1197 4343 1267 4424 qui,
1291 4342 1412 4405 nescio
1440 4362 1510 4423 qua
1538 4342 1668 4423 capitis

836 4466 1012 4548 vertigine
1036 4467 1212 4545 laborans,
1238 4485 1317 4527 cum
1339 4466 1383 4526 de
1407 4464 1548 4528 violatis
1570 4466 1668 4547 capi-

836 4588 900 4651 tuli
921 4587 1080 4650 Blasiani
1104 4587 1239 4649 iuribus
1259 4586 1459 4668 somniaret,
1483 4607 1504 4648 a
1527 4589 1668 4651 nemine

836 4717 984 4791 rogatus
1005 4718 1067 4770 aut
1091 4707 1272 4789 impulsuS,
1297 4726 1418 4770 eorum
1442 4707 1665 4771 defensorem

838 4850 945 4913 agere
961 4831 1095 4911 volens,
1116 4829 1325 4912 gravamina
1346 4829 1484 4892 occulte
1508 4831 1554 4892 ad
1579 4851 1667 4894 nun-

838 4954 924 5016 tium
947 4952 1181 5035 apostolicum
1205 4952 1248 5014 D.
1270 4950 1438 5015 Buffalini
1457 4952 1568 5015 Iconii
1593 4955 1667 5035 epi-

837 5095 984 5157 scopum
1010 5077 1194 5139 Lucernae
1222 5084 1496 5138 commorantem
1529 5076 1665 5157 detulit,

837 5198 897 5279 qui
917 5197 1199 5278 sapientissimus
1214 5199 1356 5279 praesul
1376 5197 1503 5260 iurium
1524 5199 1667 5261 abbatis

836 5320 968 5401 optime
984 5340 1116 5403 gnarus
1133 5320 1328 5401 inquietum
1342 5322 1387 5383 ab
1400 5320 1524 5382 insano
1536 5339 1666 5402 propo·

835 5443 903 5506 sito
920 5443 1047 5506 litteris
1070 5444 1128 5505 die
1145 5449 1173 5507 8.
1190 5444 1276 5507 Maii
1297 5448 1376 5524 1775
1401 5444 1447 5506 ad
1470 5462 1549 5505 eum
1572 5444 1666 5506 datis

1406 5549 1456 5611 17*
