4034 6262
101 5598 177 5896 l

961 460 1242 546 „134-

317 660 517 755 Herrgott
544 670 824 752 Marquardus
850 667 1061 750 (San-Bla-

227 793 400 874 siunus),
432 800 537 854 natus
568 798 624 851 est
651 787 819 870 Friburgi
849 787 1060 870 Brisgoviae

228 914 287 979 cllo
305 941 334 993 ι).
352 912 431 979 Oct.
453 918 543 992 1694,
564 932 592 974 S.
608 909 733 973 habitu
754 909 899 973 indutus
919 909 954 972 in
978 908 1060 971 divo

231 1035 362 1117 illusio,
383 1033 601 1098 sollemniter
621 1029 804 1113 professus
824 1030 882 1093 die
907 1051 953 1110 17.
970 1030 1059 1092 Nov.

232 1161 324 1238 1715,
342 1153 542 1219 sacerdotio
560 1153 718 1216 initiatus
731 1152 788 1215 die
806 1172 852 1231 17.
863 1152 950 1216 Dec.
969 1157 1058 1232 1718.

229 1277 406 1359 liriburgi,
427 1275 602 1338 Brunduti
625 1287 662 1337 et
683 1273 917 1357 Argentorati
939 1275 1060 1336 huma·

228 1399 387 1465 nioribus
410 1397 538 1460 litteris
562 1408 598 1459 et
622 1395 878 1478 philosophicis
901 1395 1059 1459 scientiis

227 1524 342 1605 probe
354 1521 530 1601 excultus
547 1518 817 1601 congregationi
831 1516 1058 1581 San-Blasia·

226 1663 295 1707 nae
307 1662 401 1706 anno
413 1642 543 1704 aetatis
555 1661 640 1704 suae
651 1652 730 1703 21¹¹¹⁰
743 1641 914 1722 adlectus,
927 1660 1058 1723 magno

226 1764 400 1845 deinceps
427 1763 477 1825 illi
503 1764 626 1826 honori
653 1772 690 1825 et
717 1762 954 1825 emolumento
980 1760 1057 1825 fuit.

227 1886 382 1949 Romam
394 1884 591 1947 studiorum
602 1904 710 1948 causa
723 1884 900 1966 dimissuS,
909 1893 945 1947 et
958 1893 1059 1966 quat·

225 2022 308 2070 tuor
335 2026 448 2087 prope
476 2006 577 2069 annis
604 2005 653 2068 ibi
681 2015 931 2086 commoratus,
959 2006 1059 2068 indu·

229 2129 338 2191 striae
354 2142 392 2190 et
413 2128 546 2210 ingenii
565 2128 620 2189 sui
641 2128 687 2189 ad
711 2127 860 2210 quaevis
884 2126 1059 2207 aptissimi

228 2252 411 2334 specimen
423 2251 458 2313 in
471 2251 614 2331 publica
630 2270 675 2313 ex
688 2251 868 2333 theologia
885 2250 1059 2331 polemica

227 2374 471 2455 disputatione
484 2394 562 2436 cum
576 2374 751 2454 applausu
763 2372 934 2453 exhibuit,
944 2391 1058 2453 eaque

227 2496 352 2559 relicta
377 2506 414 2558 et
436 2496 586 2558 lustrato
609 2494 898 2558 Monte-Cassino
922 2495 1055 2558 ordinis

228 2618 341 2681 nostri
367 2617 534 2697 primario
561 2626 596 2678 et
626 2615 845 2679 nobilissimo
876 2615 1058 2678 archicoe-

229 2739 347 2820 nobio,
373 2739 443 2802 iam
466 2738 634 2801 sacerdos
658 2740 798 2800 domum
822 2738 950 2818 redux,
975 2756 1058 2799 mox

228 2861 465 2924 bibliothecae
487 2859 700 2942 praeficitur,
721 2860 823 2922 simul
847 2859 976 2922 scholis
995 2861 1057 2922 hu·

207 2984 454 3048 -manioribus
486 2982 612 3045 Altero
640 2982 721 3044 dein
749 2999 841 3043 anno
873 3000 949 3059 ¹721
979 3001 1057 3043 cum

228 3109 268 3171 P.
291 3104 512 3169 Theoderico
537 3103 626 3186 Seiz,
649 3124 715 3187 pro
742 3102 968 3166 addiscendis
993 3104 1057 3166 lin·

228 3229 309 3312 guis
336 3227 568 3291 orientalibus
592 3229 637 3289 ad
661 3247 687 3291 s
713 3224 808 3289 Galli
831 3226 866 3288 in
889 3225 1057 3290 Helvetia

227 3350 892 3434 principalemonasteriumablegatus,
903 3349 1055 3431 indeque

225 3482 426 3554 revocatus,
448 3492 527 3534 cum
546 3470 842 3535 reverendissimo
866 3472 898 3534 d.
923 3474 1055 3534 abbate

225 3594 348 3658 Blasio
363 3595 540 3657 Viennam
556 3593 737 3676 profectus
753 3604 817 3676 est,
839 3593 899 3656 ubi
915 3594 1055 3657 solidio-

224 3718 274 3780 ris
285 3719 505 3780 litteraturae
517 3716 747 3779 fundamenta
760 3715 852 3798 iecit,
863 3717 1054 3780 adiuvante

225 3852 262 3904 et
290 3839 392 3921 quasi
423 3859 528 3902 manu
559 3841 711 3902 ducente
742 3838 947 3901 doctissimo
978 3840 1054 3902 viro

224 3960 420 4044 Gentilloti,
437 3980 627 4025 caesareae
642 3961 881 4029 bibliothecae
895 3963 1053 4042 custode,

224 4094 261 4147 et
290 4094 418 4167 postea
449 4083 619 4166 episcopo
649 4083 873 4165 Tridentin0,
907 4085 1053 4147 multam

223 4206 330 4271 etiam
347 4226 492 4288 operam
509 4207 556 4268 ad
568 4206 604 4268 id
617 4206 821 4270 conferente
834 4206 1053 4270 celeberrimi

223 4330 373 4393 nominis
389 4330 465 4392 viro
481 4330 520 4391 P.
538 4329 721 4391 Bemardo
737 4329 818 4411 Pez,
834 4330 930 4409 apud
947 4349 1052 4411 quem

222 4453 268 4514 ad
289 4464 362 4514 tres
382 4453 477 4515 circa
496 4471 637 4515 menses
659 4451 694 4514 in
710 4451 908 4515 Mellicensi
930 4471 1051 4514 mona·

224 4574 333 4637 sterio
364 4577 578 4638 morabatur.
617 4572 814 4637 Cardinalis
841 4573 1051 4636 Dominicus

223 4695 407 4759 Passionei
423 4708 497 4760 tum
512 4697 683 4779 temporis
699 4697 842 4759 nuntius
855 4696 1049 4779 Lucernae,

219 4820 266 4881 nl
287 4839 392 4900 quem
417 4819 451 4881 in
473 4819 619 4902 negotio
640 4819 778 4881 unionis
794 4819 899 4881 trium
916 4819 1050 4900 priora·

219 4956 318 5003 ‘rr-um
335 4941 468 5004 ordinis
485 4962 511 5005 S.
528 4942 711 5005 Wilhelmi
727 4942 964 5022 Marquardus
988 4941 1050 5002 ali·

223 5064 359 5139 ‘garnies
375 5064 573 5126 destinatus
589 5064 715 5146 fuerat,
733 5085 812 5127 curn
828 5063 895 5126 viri
912 5063 1049 5127 iuvenis

223 5184 439 5265 rorissimam
453 5188 497 5248 ad
511 5187 747 5250 reconditiora
760 5187 879 5248 studia
895 5186 1048 5248 indolem

224 5304 286 5367 sio·
301 5320 526 5387 perspectam
538 5309 696 5389 haberet,
714 5327 794 5371 eum
807 5307 939 5371 diutius
951 5308 1048 5388 apud

223 5444 262 5481 si:
274 5442 425 5506 reculam,
441 5443 550 5511 atque
564 5431 696 5511 abbati,
712 5430 875 5493 familiari
893 5429 1048 5492 amicitia

1141 663 1208 725 sibi
1232 663 1519 728 coniunctissimo
1525 714 1534 747 ,
1559 676 1687 729 auctor
1709 664 1791 748 fuit,
1813 679 1845 731 ut
1860 670 1935 736 illum

1140 783 1319 848 Lutetiam
1335 784 1552 850 Parisiorum
1569 788 1615 850 ad
1632 786 1760 851 Patres
1772 787 1937 858 Benedicti·

1141 925 1206 969 nos
1222 907 1514 990 congregationis
1530 928 1558 973 s.
1575 908 1693 972 Mauri
1709 910 1859 994 mitteret,
1875 915 1939 978 orbi

1139 1028 1312 1092 litterario
1329 1030 1577 1094 eruditissimis
1594 1032 1764 1113 operibus
1775 1032 1839 1096 suis
1852 1036 1941 1099 notis

1140 1150 1257 1214 simos.
1290 1151 1345 1214 Ibi
1369 1151 1655 1216 doctissimorum
1680 1153 1826 1218 virorum
1845 1155 1944 1219 Mont-

1139 1273 1281 1354 foconii,
1294 1273 1462 1356 Tullierii,
1475 1274 1643 1338 Martenii
1656 1274 1860 1358 aliorumque
1872 1295 1947 1340 con·

1139 1395 1326 1459 suetudine
1337 1405 1374 1458 et
1382 1396 1570 1479 conloquio
1580 1416 1677 1480 usuS,
1687 1399 1754 1461 sub
1766 1398 1861 1462 tantis
1869 1401 1950 1461 duc·

1139 1517 1275 1581 toribus
1301 1538 1451 1601 magnos
1478 1518 1514 1581 in
1543 1519 1660 1582 stadio
1691 1519 1852 1584 litterario
1873 1533 1955 1602 pro·

1138 1659 1285 1722 gressus
1311 1638 1412 1722 fecit,
1444 1650 1480 1703 et
1506 1640 1656 1705 Parisiis
1686 1643 1800 1705 adhuc
1827 1645 1960 1725 degens

1138 1781 1230 1824 anno
1251 1766 1332 1841 1726
1352 1761 1480 1825 librum
1502 1762 1629 1826 edidit:
1651 1763 1768 1827 Vetus
1783 1764 1967 1846 disciplina

1138 1884 1345 1966 monastica,
1369 1903 1432 1947 seu
1457 1884 1621 1948 collectio
1646 1895 1824 1949 auctorum
1843 1887 1907 1951 ord.
1940 1898 1970 1939 s·

1139 2006 1326 2070 Benedicti
1356 2007 1547 2071 maximam
1578 2016 1718 2089 partem
1748 2008 1978 2079 ineditorum,

1139 2129 1200 2211 qui
1215 2139 1299 2192 ante
1316 2140 1506 2193 sexcentos
1521 2129 1597 2192 fere
1615 2149 1728 2193 annos
1743 2149 1805 2212 per
1815 2131 1982 2202 Italiam,

1139 2247 1292 2314 Galliam
1316 2261 1424 2334 atque
1449 2250 1678 2316 Germaniam
1706 2255 1750 2315 de
1773 2253 1988 2316 monastica

1139 2372 1326 2455 disciplina
1342 2384 1550 2439 tractarunt.
1573 2374 1741 2439 Continet
1755 2394 1812 2440 res
1825 2395 1885 2439 non
1898 2387 1992 2436 so-

1137 2497 1209 2558 lum
1218 2496 1443 2580 monasticas,
1452 2497 1517 2560 sed
1527 2497 1635 2560 etiam
1644 2497 1901 2579 ecclesiasticas,
1917 2488 1993 2555 ad

1137 2617 1319 2681 historiam
1336 2637 1473 2681 sacram
1489 2618 1722 2700 pertinentes.
1745 2618 1889 2683 Primum
1905 2617 1996 2679 in·

1137 2740 1235 2823 genii
1251 2740 1304 2804 sui
1320 2741 1455 2803 foetum
1471 2741 1595 2804 abbati
1607 2741 1730 2804 Blasio
1743 2763 1820 2806 cum
1834 2732 1996 2824 insigni

1138 2863 1298 2938 encomio
1326 2863 1523 2945 inscripsit,
1552 2874 1676 2927 contra
1704 2884 1804 2947 spem
1831 2868 1873 2928 ab
1894 2859 1995 2926 illo

1137 2987 1228 3048 male
1244 2985 1386 3048 omnino
1404 2996 1605 3067 exceptum,
1628 2988 1724 3069 quod
1746 2987 1994 3070 praefatione

1137 3107 1213 3170 eius
1240 3107 1359 3188 operis
1386 3107 1474 3170 satis
1498 3108 1639 3188 prolixa
1662 3128 1859 3191 magnaque
1879 3121 1991 3171 cum

1137 3229 1334 3294 eruditione
1365 3239 1401 3293 et
1430 3230 1503 3293 stili
1539 3231 1721 3314 elegantia
1756 3232 1989 3312 conscripta,

1135 3352 1305 3416 musicam
1320 3352 1626 3416 instrumentalem
1639 3353 1675 3416 in
1689 3351 1894 3417 Germaniae
1916 3369 1986 3413 or·

1136 3475 1228 3538 dinis
1244 3475 1356 3537 nostri
1372 3475 1596 3538 monasteriis
1617 3476 1708 3539 tanti
1729 3476 1880 3540 habitam
1902 3492 1982 3536 ex·

1135 3598 1344 3673 sibilaverit;
1369 3597 1561 3680 praecipue
1584 3617 1682 3681 vero,
1706 3601 1801 3680 quod
1823 3597 1975 3661 iustitu-

1134 3730 1209 3783 tum
1224 3740 1246 3781 a
1262 3718 1555 3782 Cluniacensibus
1576 3719 1681 3782 nimis
1702 3720 1842 3805 longum
1860 3714 1970 3783 chori

1135 3841 1289 3904 officium
1317 3851 1441 3904 contra
1472 3852 1508 3905 et
1539 3862 1647 3924 supra
1682 3844 1825 3927 regulae
1854 3856 1964 3924 prae·

1134 3973 1287 4045 ceptum,
1311 3973 1385 4026 tum
1408 3963 1704 4027 monasteriorum
1727 3963 1956 4029 aemulatione

1133 4106 1203 4150 non
1223 4087 1310 4149 satis
1334 4086 1515 4168 prudenti,
1539 4096 1614 4150 tum
1635 4088 1858 4151 saecularium
1879 4099 1950 4145 am·

1132 4209 1266 4272 bitione
1280 4218 1316 4272 et
1328 4210 1579 4272 monachorum
1591 4210 1744 4273 avaritia
1755 4209 1859 4273 ubivis
1868 4219 1943 4287 pro

1132 4339 1303 4413 pagatum
1332 4328 1444 4393 fuisse
1475 4329 1645 4413 voluerit,
1676 4331 1837 4413 variaque
1861 4319 1934 4388 inde

1131 4451 1344 4536 profluxisse
1380 4453 1621 4535 incommoda,
1660 4453 1795 4517 scilicet
1823 4447 1927 4514 nullam

1131 4575 1259 4639 mentis
1287 4595 1366 4638 cum
1393 4595 1481 4638 voce
1509 4575 1754 4658 concordiam,
1780 4566 1923 4638 fastidium

1130 4696 1310 4778 orationiS,
1335 4696 1631 4759 intermissionem
1648 4698 1781 4761 laboris
1794 4696 1918 4760 manuun¹

1130 4830 1166 4884 et
1191 4819 1397 4901 studiorum,
1426 4820 1485 4882 ubi
1513 4819 1616 4881 nimis
1643 4820 1757 4882 libere
1779 4806 1916 4900 adposuit:

1130 4940 1187 5005 Ob
1208 4961 1334 5023 preces
1355 4941 1497 5004 minime
1518 4942 1632 5004 bonas
1656 4942 1850 5006 intermissa
1865 4944 1914 4998 esst

1129 5067 1300 5127 bonarum
1317 5062 1512 5126 litterarum
1529 5064 1659 5126 studia.
1685 5063 1803 5146 Quare
1814 5051 1919 5127 Parisiis

1130 5188 1270 5274 domum
1298 5195 1496 5266 revocatus,
1524 5186 1725 5268 praemium
1752 5185 1873 5251 laboris
1888 5180 1923 5243 in·

1129 5317 1378 5390 exspectatum
1401 5307 1496 5389 tulit,
1525 5309 1572 5371 ad
1595 5307 1749 5373 Latinas
1775 5323 1929 5395 puerorum

1128 5430 1268 5492 scholas
1304 5450 1383 5493 cum
1418 5429 1522 5492 titulo
1557 5433 1811 5514 praeceptoris
1848 5434 1939 5496 denuo
