4088 6270
876 517 1156 587 -533-

150 707 196 764 15.
207 703 282 765 Ian.
296 704 387 782 1840,
401 700 575 763 absolutis
588 699 789 782 Salisburgi
801 701 978 783 gymnasii

148 823 356 905 disciplinis,
373 823 527 886 novitius
545 845 595 901 24.
613 822 713 903 Sept.
734 827 824 904 1866,
842 823 979 885 emissis

146 947 241 1008 votis
258 946 478 1026 simplicibus
491 946 645 1008 Romam
658 945 796 1028 missuS,
810 953 848 1007 ut
860 945 896 1007 in
910 946 980 1008 col-

145 1068 241 1149 legio
264 1086 290 1130 s.
308 1066 470 1129 Anselmi
493 1066 620 1128 studiis
644 1066 854 1149 theologicis
875 1086 981 1129 vaca-

146 1198 212 1272 ret,
237 1199 320 1270 post
344 1187 523 1250 biennium
554 1188 735 1269 expetitus
762 1187 798 1250 in
825 1200 981 1250 montem
1008 1191 1010 1194 ⁴

146 1309 335 1373 Cassinum
359 1310 642 1391 transmigravit,
666 1309 713 1371 ibi
737 1310 772 1372 in
793 1309 981 1372 seminario

147 1434 308 1515 linguam
318 1431 492 1494 Graecam
504 1433 681 1494 docturus.
695 1431 847 1512 Neapoli
858 1436 907 1493 26.
918 1431 981 1493 lul.

152 1561 235 1634 1870
267 1556 457 1637 presbyter
488 1553 671 1615 ordinatus
699 1552 863 1633 sequenti
889 1570 983 1614 anno

147 1679 284 1758 redux,
314 1677 440 1738 studiis
470 1674 683 1756 theologicis
709 1672 916 1755 ,Salisburgi
948 1683 984 1735 et

147 1797 377 1881 philologieis
401 1797 435 1858 in
457 1797 550 1860 univ.
568 1796 819 1877 Oenipontana
843 1796 984 1857 absolu-

147 1921 205 2001 tis,
223 1917 406 2000 professor
427 1918 463 1981 in
479 1919 631 2001 collegio
648 1918 804 1999 archiep.
822 1938 849 1982 s.
868 1917 984 1980 Caroli

151 2042 361 2105 Borromaei
378 2040 590 2104 constitutus
607 2051 672 2103 est.
699 2040 865 2121 Scripsit:

238 2188 261 2242 I.
280 2186 395 2242 Alcone
415 2186 654 2242 considerazioni
672 2187 791 2241 intorno
812 2184 839 2239 ai
856 2183 985 2239 vocalis-

153 2311 202 2348 mo
226 2308 322 2365 greco
344 2308 401 2344 con
421 2303 529 2345 stretta
550 2303 707 2345 attenenza
728 2289 787 2344 alla
803 2289 899 2344 teoria
915 2286 983 2342 dell’

149 2407 292 2451 aumento
318 2413 334 2448 e
356 2393 638 2468 raddoppiamento.
673 2395 855 2468 impressum
880 2393 908 2446 in
933 2391 984 2446 Ri-

151 2501 229 2556 vista
261 2497 415 2571 filologica
444 2497 595 2552 letteraria
625 2496 778 2572 publicata
803 2495 841 2550 da
864 2496 898 2550 F.
925 2494 984 2550 Co·

152 2605 241 2669 razzi,
259 2601 317 2657 Ad.
336 2601 471 2666 Gemma,
488 2602 520 2656 B.
539 2600 722 2656 Zandonella
744 2599 803 2655 vol.
825 2615 850 2654 1.
875 2618 904 2674 p.
921 2612 979 2668 521

152 2721 268 2778 -351,
287 2706 409 2762 Verona
431 2704 520 2777 1871.

239 2828 276 2882 ΙΙ.
294 2826 420 2882 Studien
437 2826 512 2883 iiber
529 2826 577 2882 die
594 2828 622 2881 in
639 2825 696 2880 den
707 2826 795 2900 Epen
808 2824 861 2880 des
871 2824 985 2879 Homer

150 2929 409 2988 vorkommenden
422 2930 686 2985 Nominalstamme
699 2929 752 2984 aus
766 2931 774 2984 i
788 2928 847 2984 und
861 2948 888 2984 v.
909 2929 985 2983 Pro·

149 3056 265 3111 gramm
287 3034 341 3090 des
364 3034 383 3089 1.
401 3053 427 3089 e.
445 3034 666 3088 Borromaums.
692 3030 867 3109 (Tractatus
887 3031 984 3107 philo·

151 3136 292 3217 logicus.)
310 3137 468 3211 Salzburg,
495 3137 646 3193 Zaunrith.
669 3136 759 3209 1875.
777 3136 819 3194 8⁰.
838 3135 877 3192 68
895 3155 924 3211 p.

239 3260 291 3315 111.
332 3259 516 3333 Grundztige
555 3261 638 3314 einer
677 3258 984 3314 wissenschaltlichen

151 3364 343 3420 Grammatik
355 3363 409 3419 der
421 3362 631 3437 griechischen
644 3361 791 3437 Sprache.
809 3364 984 3436 Programm

149 3469 204 3524 des
219 3469 239 3524 1.
250 3487 276 3524 e.
287 3470 509 3522 Borromaums.
527 3463 555 3543 (i.
571 3485 596 3522 c.
612 3465 834 3522 Grammaticae
847 3465 985 3521 Graecae

151 3567 368 3647 fundamenta.)
385 3568 704 3643 Salzburg,Zaunrith.
724 3567 815 3642 1878.
826 3568 868 3625 8⁰.
887 3568 983 3643 118p.

239 3733 486 3806 Zitterhofer
517 3744 766 3806 Ambrosius
799 3743 985 3826 (Scoten-

150 3862 237 3943 sis),
254 3861 416 3923 Viennae
432 3862 467 3923 in
485 3862 633 3925 Austria
654 3863 712 3924 die
730 3884 779 3924 21.
797 3862 882 3924 Maii
905 3867 985 3940 1824

150 3993 267 4065 natuS,
284 4003 364 4045 cum
376 3984 554 4065 gymnasii
570 3984 688 4046 studia
701 3985 797 4065 apud
813 3984 985 4046 Benedic-

149 4103 438 4168 tino-Scotenses
450 4105 666 4167 absolvisset
679 4105 880 4187 ibidemque
889 4127 915 4168 s.
925 4108 986 4168 ha-

149 4226 229 4287 bitu
245 4226 303 4287 die
322 4245 372 4287 21.
390 4223 489 4305 Sept.
512 4229 590 4303 1842
610 4235 706 4287 esset
723 4226 881 4308 indutus,
902 4237 986 4290 vota

150 4347 271 4410 emisit
286 4347 471 4409 sollemnia
487 4348 544 4409 die
563 4352 614 4409 28.
633 4346 732 4429 Sept.
752 4352 829 4427 1845
849 4369 986 4411 necnon

150 4487 297 4532 emenso
312 4470 346 4530 in
359 4469 452 4531 univ.
462 4468 616 4531 Vindob.
630 4489 656 4530 s.
668 4470 871 4551 theologiae
881 4489 985 4532 cursu

151 4591 302 4672 primam
331 4591 410 4651 Deo
437 4591 572 4670 optimo
601 4591 731 4654 obtulit
757 4593 908 4654 hostiam
935 4591 986 4653 in-

151 4720 337 4775 cruentam
353 4710 410 4772 die
432 4732 456 4773 1.
474 4712 569 4794 Aug.
592 4718 682 4792 1847.
707 4712 836 4776 Statim
859 4714 986 4775 deinde

151 4853 259 4895 curae
273 4832 468 4895 animarum
483 4836 657 4915 admotus,
672 4855 750 4896 cum
763 4834 987 4897 auxiliarium

153 4955 291 5035 egisset
321 4954 357 5015 in
384 4956 554 5017 suburbio
573 4955 700 5019 Vienn.
729 4956 824 5018 dieto
851 4955 986 5038 Campo

152 5073 345 5138 Scotorum
368 5095 409 5136 ac
432 5077 560 5137 deinde
581 5085 848 5158 cooperatorem
865 5077 900 5139 in
917 5077 987 5160 Eg-

152 5195 318 5278 gendorf,
329 5194 609 5259 Stammersdorf
618 5207 654 5259 et
667 5196 922 5280 Gumpendorf,
933 5219 986 5261 a0.

157 5323 234 5380 1861
253 5319 288 5380 111
301 5318 554 5379 monasterium
566 5320 681 5380 redux
693 5328 880 5400 susceptos
889 5318 987 5381 novi-

151 5440 281 5501 tiorum
296 5438 458 5519 magistri
475 5449 511 5500 et
527 5439 734 5501 clericorum
746 5439 894 5502 rectoris
908 5459 988 5501 nec-

1059 721 1128 764 non
1151 701 1412 764 bibliothecarii
1437 713 1473 763 et
1497 701 1738 764 ceremoniarii
1761 721 1835 764 rev.
1859 704 1891 766 d.

1060 824 1202 885 abbatis
1218 834 1339 904 partes
1356 823 1503 906 egregie
1519 823 1629 885 tuitus
1647 832 1702 885 est
1715 843 1827 904 usque
1845 826 1891 885 ad

1059 949 1190 1007 annum
1211 949 1300 1026 1869,
1319 965 1388 1026 quo
1405 946 1550 1027 parochi
1571 964 1715 1007 munere
1737 945 1772 1007 in
1788 944 1892 1006 Wat·

1062 1065 1218 1128 zelsdorf
1231 1066 1299 1127 iam
1316 1086 1380 1148 per
1393 1087 1500 1128 unum
1517 1087 1646 1127 annum
1659 1066 1813 1146 functus,
1831 1086 1894 1146 pa-

1061 1190 1189 1251 rochus
1215 1189 1249 1249 in
1272 1189 1331 1250 Kl.
1350 1188 1573 1270 Engersdorf
1593 1198 1647 1250 est
1674 1189 1893 1270 designatus,

1063 1331 1167 1392 quam
1184 1310 1403 1391 provinciam
1421 1330 1532 1391 usque
1550 1312 1665 1373 adhuc
1682 1311 1843 1372 sustinet.

1151 1433 1263 1514 Typis
1280 1432 1405 1493 edidit:

1151 1560 1172 1614 l.
1199 1560 1259 1614 Zur
1282 1556 1509 1614 Secundizseier
1533 1557 1581 1614 Sr.
1604 1556 1816 1614 Hochwtirden
1842 1556 1896 1612 des

1064 1664 1161 1719 Herrn
1178 1662 1210 1717 P.
1228 1660 1356 1717 Severin
1373 1661 1467 1728 Fabo,
1493 1662 1630 1718 Piarrers
1654 1682 1689 1716 zu
1717 1659 1899 1734 Eggendori

1065 1771 1102 1824 im
1119 1766 1226 1833 Thale,
1244 1785 1290 1822 am
1312 1764 1358 1823 18.
1373 1766 1446 1842 Apr.
1465 1766 1554 1837 1852.
1573 1763 1639 1844 (1.6.
1654 1767 1784 1822 Carmen
1797 1764 1894 1821 lestiv.

1065 1890 1121 1947 pro
1137 1868 1296 1948 secundit.)

1151 1974 1189 2031 ll.
1207 1975 1393 2030 Conciones:
1418 1973 1542 2047 Predigt
1565 1993 1613 2028 am
1639 1975 1731 2030 Feste
1752 1972 1806 2027 des
1828 1972 1896 2027 heil.

1064 2078 1205 2154 Leopold
1228 2080 1256 2133 in
1273 2078 1326 2134 der
1342 2077 1507 2151 Collegiat·
1532 2077 1591 2132 und
1615 2075 1897 2151 Stadtplarrkirche

1065 2183 1118 2239 des
1135 2202 1199 2257 reg.
1217 2183 1266 2238 lat.
1285 2181 1577 2237 Chorherrenstiites
1594 2180 1648 2236 des
1664 2181 1733 2236 heil.
1747 2180 1897 2253 Augustin

1065 2308 1099 2343 zu
1122 2284 1383 2358 Klosterneuburg
1404 2304 1450 2340 am
1478 2299 1523 2356 15.
1542 2285 1617 2339 Nov.
1641 2282 1731 2355 1864.
1757 2285 1896 2338 Korneu·

1065 2390 1153 2464 burg,
1171 2392 1251 2464 typis
1268 2390 1316 2445 Fr.
1334 2387 1488 2463 Kohkopf.
1513 2422 1556 2429 —
1580 2388 1702 2461 Predigt
1722 2405 1769 2442 am
1792 2387 1898 2441 Patro-

1065 2494 1210 2550 natsleste
1233 2493 1287 2549 des
1314 2493 1471 2548 Kranken-
1495 2492 1555 2548 und
1577 2493 1897 2548 Pensions·lnstitutes

1065 2598 1112 2654 1111
1135 2597 1442 2672 Handlungscommis
1467 2599 1495 2652 in
1514 2599 1612 2653 Wien.
1635 2597 1778 2661 Viennae,
1806 2593 1896 2659 1868,

1066 2705 1145 2779 typis
1162 2720 1267 2776 congr.
1285 2701 1425 2757 Mechith.

1152 2807 1205 2861 lll.
1224 2803 1431 2861 Gedenkbuch
1450 2804 1503 2860 der
1515 2804 1621 2860 Plarre
1634 2806 1681 2860 Kl.
1696 2801 1895 2878 Engersdori.

1065 2909 1093 2988 (i.
1108 2930 1134 2965 e.
1152 2911 1407 2966 Commentarium
1424 2908 1460 2964 de
1477 2908 1546 2964 satis
1563 2907 1715 2983 rebusque
1732 2907 1896 2984 parochiae

1065 3013 1259 3089 Engersdorl
1271 3014 1379 3068 Minor.
1397 3012 1626 3086 diligentissime
1643 3007 1818 3088 exaratum.)
1840 3011 1896 3066 Ms.

1066 3122 1094 3174 in
1110 3125 1152 3190 4⁰.
1177 3118 1305 3173 Adserv.
1330 3119 1358 3171 in
1382 3117 1495 3172 archiv.
1518 3118 1682 3192 parochiae
1705 3112 1900 3189 Engersdori

1065 3225 1172 3279 Minor.

1151 3369 1281 3441 Zobel
1319 3378 1519 3440 Placidus
1559 3376 1898 3458 (Mariaemonta

1065 3502 1167 3578 nus),
1190 3506 1294 3558 natus
1311 3498 1346 3558 in
1364 3496 1511 3559 Schwaz
1533 3501 1583 3557 30.
1602 3497 1688 3558 Dec.
1710 3500 1800 3576 1750,
1825 3503 1897 3555 stu·

1066 3619 1133 3681 diis
1149 3617 1437 3700 gymnasiasticis
1451 3615 1661 3698 Salisburgi,
1679 3615 1897 3696 philosophi-

1067 3740 1118 3803 cis
1135 3740 1338 3820 Oeniponte
1355 3738 1527 3800 absolutis
1549 3743 1595 3801 15.
1611 3737 1689 3801 Oct.
1708 3742 1787 3816 1768
1805 3737 1898 3799 ordi·
1951 3791 1954 3798 .

1066 3882 1145 3924 nem
1162 3863 1345 3943 ingressus
1362 3872 1426 3923 est.
1450 3860 1546 3922 Vota
1562 3858 1746 3921 sollemnia
1767 3880 1792 3922 1.
1806 3858 1895 3922 Nov.

1071 3989 1151 4063 1769
1169 3984 1295 4064 emisit,
1314 3985 1481 4044 sacerdos
1499 3980 1656 4042 initiatus
1673 3989 1728 4042 est
1746 3986 1796 4042 26.
1809 3982 1896 4042 Dec.

1070 4112 1161 4184 1773.
1185 4105 1310 4166 Finitis
1333 4124 1416 4166 mox
1437 4103 1564 4166 studiis
1586 4103 1803 4165 erudiendae
1825 4112 1898 4164 stu·

1066 4229 1188 4291 diosae
1213 4227 1388 4289 iuventuti
1412 4236 1448 4288 et
1471 4225 1506 4287 in
1529 4226 1745 4287 monasterio
1766 4235 1802 4287 et
1823 4225 1899 4286 Me·

1066 4350 1142 4412 rani
1159 4349 1339 4411 adhibitus
1356 4349 1433 4430 ipse
1450 4347 1558 4428 poeta
1574 4355 1611 4408 et
1624 4354 1744 4408 orator
1757 4346 1898 4407 celeber

1067 4472 1157 4532 adeo
1181 4470 1363 4551 excelluit,
1391 4481 1498 4550 atque
1526 4470 1571 4530 de
1595 4487 1633 4529 se
1659 4486 1782 4529 omnes
1806 4469 1898 4528 bene

1066 4611 1212 4672 sperare
1232 4590 1327 4672 16611,
1355 4600 1393 4653 111
1418 4611 1464 4652 12.
1482 4591 1576 4671 Aug.
1600 4593 1678 4667 1782
1704 4586 1815 4651 infula
1838 4589 1899 4649 ab·

1066 4714 1191 4775 batiali
1207 4714 1253 4775 sit
1270 4715 1469 4776 decoratus.
1494 4711 1566 4776 Sed
1579 4711 1720 4774 sarcina
1731 4712 1819 4772 haec
1833 4709 1899 4771 11111

1067 4845 1121 4897 tot
1144 4836 1321 4897 aerumnis
1345 4835 1489 4916 infarta,
1519 4843 1557 4896 ut
1583 4842 1666 4914 post
1689 4831 1898 4912 omnigenas

1067 4956 1237 5036 temporis
1250 4956 1403 5037 iniurias,
1414 4966 1496 5037 post
1506 4976 1606 5018 suam
1616 4955 1728 5035 ipsius
1741 4972 1898 5014 suorum-

1068 5097 1137 5158 que
1161 5096 1207 5138 ex
1231 5079 1445 5140 monasterio
1468 5077 1688 5157 eiectionem,
1713 5084 1797 5156 post
1812 5093 1898 5135 suae

1068 5198 1301 5279 supellectilis
1319 5197 1442 5262 Sebati
1460 5195 1632 5281 (Schwaz)
1651 5194 1899 5276 conflagratio-

1070 5338 1148 5380 nem
1166 5329 1231 5382 etc.
1254 5320 1394 5382 demum
1412 5340 1433 5381 a
1450 5317 1682 5401 quadriennio
1706 5316 1759 5377 sui
1783 5316 1898 5396 impos

1069 5459 1162 5501 anno
1178 5441 1308 5502 aetatis
1322 5445 1372 5504 65.
1398 5462 1448 5519 29.
1462 5441 1535 5502 Ian.
1553 5443 1632 5502 1815
1647 5435 1785 5500 Merani
1798 5456 1825 5499 s.
1839 5455 1900 5497 ex·
