4088 6270
883 531 925 540 -
971 494 1091 557 CXVI
1137 533 1178 543 -

160 733 223 781 est.
270 720 384 800 Quam
413 720 506 781 viam
536 719 689 801 ingressi
712 730 794 782 sunt
816 719 1003 782 Romanus
1027 719 1112 802 Digl
1135 718 1461 794 Seitenstettensis;
1485 721 1673 784 Romanus
1690 720 1862 783 Ettenaue

159 858 394 923 Sebastianus
417 857 683 941 Mayrlechner,
716 856 939 919 Coelestinus
964 855 1189 942 Schirmann,
1223 859 1524 932 Cremifanenses3
1554 859 1710 922 Michael
1740 857 1823 920 Enk
1854 879 1862 918 <

160 999 258 1080 Burg
273 998 505 1069 Mellicensis;
529 996 739 1059 Vincentius
761 997 910 1059 Knauer
926 996 1126 1069 Scotensis;
1152 999 1326 1079 Iosephus
1340 998 1492 1079 Polotai,
1508 999 1736 1079 Hyacinthus
1751 999 1862 1061 Rona

159 1137 204 1199 de
227 1137 351 1199 Monte
373 1135 591 1215 Pannoniae,
616 1135 675 1216 qui
699 1155 829 1217 magna
852 1154 931 1197 cum
955 1135 1140 1218 diligentia
1162 1136 1291 1198 multos
1310 1137 1528 1218 conscripsit
1550 1137 1670 1200 libros,

288 1274 528 1337 Pulcherrima
551 1294 646 1353 vero,
672 1294 883 1355 quamquam
908 1285 1070 1356 tempora
1093 1294 1202 1357 saepe
1226 1285 1328 1337 erant
1343 1275 1467 1356 tristia,
1491 1275 1650 1358 historia,
1668 1296 1776 1358 quam
1792 1275 1862 1336 disc

159 1414 290 1496 plinam
314 1416 360 1476 ab
383 1415 451 1477 hoc
471 1414 594 1475 ordine
618 1413 824 1476 suscitatam
849 1433 1061 1495 semperque
1085 1427 1225 1477 auctam
1249 1434 1328 1476 esse
1352 1433 1455 1476 nemo
1471 1413 1669 1498 negaverit,
1692 1415 1761 1477 hac
1777 1425 1862 1475 aetat

160 1552 321 1615 effloruit.
358 1552 463 1633 Quod
478 1553 549 1615 Pez
572 1552 701 1615 fratres
724 1552 951 1615 Mellicenses
974 1564 1010 1615 et
1033 1554 1170 1635 Bessel,
1194 1553 1321 1616 Abbas
1346 1552 1598 1636 Gottvicensis,
1622 1564 1825 1634 coeperant,
1847 1571 1862 1613 a

160 1712 280 1755 eorum
304 1692 570 1754 successoribus
594 1692 773 1755 excultum
799 1703 864 1755 est,
904 1692 957 1754 Ex
982 1711 1113 1773 magno
1137 1691 1349 1773 scriptorum
1373 1711 1519 1755 numero
1543 1691 1716 1755 eminent:
1741 1691 1862 1773 Magni

159 1833 283 1912 Klein,
314 1833 441 1893 Abbas
473 1829 733 1903 Gottvicensis3
772 1830 944 1892 Albertus
975 1831 1019 1891 de
1050 1830 1199 1892 Muchar
1234 1831 1506 1903 Admontensis3
1539 1830 1744 1893 Fridericus
1775 1829 1862 1890 Blun

159 1976 289 2054 berger
316 1969 577 2043 Gottvicensis3
607 1971 779 2032 Albertus
802 1969 944 2051 Jaeger,
976 1969 1078 2032 Beda
1102 1970 1251 2051 Weber,
1276 1969 1497 2033 coelestinus
1522 1968 1720 2052 Stampfer,
1743 1970 1862 2032 Marier

159 2112 371 2191 bergensem
388 2109 598 2171 Franciscus
615 2107 818 2190 Griininger
835 2106 1108 2188 Sanpaulensis;
1126 2107 1333 2170 Theodorus
1345 2108 1451 2190 Mayr
1465 2107 1695 2172 Mellicensis.
1718 2108 1862 2171 Historia

160 2269 301 2312 suorum
330 2249 622 2311 monasteriorum
651 2247 870 2328 scripserunt
892 2246 994 2309 Beda
1019 2245 1175 2310 Seeauer
1198 2245 1498 2330 Salisburgensis;
1531 2247 1720 2310 Udalricus
1743 2247 1862 2309 Harter

159 2387 346 2450 schneider
359 2386 649 2456 Cremifanensis;
666 2386 820 2449 Michael
833 2386 906 2449 Filz
920 2386 1249 2479 Michaelburanus;
1267 2385 1477 2449 Guilielmus
1493 2387 1621 2449 Karlin
1635 2385 1862 2449 Gottvicensis

157 2528 319 2609 Ignatius
350 2527 564 2609 Keiblinger
595 2526 822 2589 Mellicensis.
869 2526 937 2588 Hic
970 2527 1163 2607 praecipua
1194 2525 1299 2587 laude
1331 2524 1457 2587 floruit.
1502 2524 1641 2587 Nostris
1672 2525 1862 2606 temporibu

160 2667 288 2748 dignus
314 2677 378 2745 est,
403 2665 462 2746 qui
487 2685 565 2727 cum
590 2684 632 2727 eo
657 2672 892 2746 comparetur,
916 2665 1067 2726 Iacobus
1091 2664 1262 2726 Wichner
1285 2663 1551 2726 Admontensis

289 2804 490 2886 Diligenter
512 2803 695 2866 Bohemici
727 2822 868 2884 quoque
901 2803 1034 2864 ordinis
1065 2802 1207 2864 sodales
1237 2820 1382 2882 operam
1411 2802 1545 2864 dabant
1572 2821 1689 2864 rerum
1713 2815 1862 2884 gestarun

161 2943 403 3023 explicationi,
439 2943 473 3004 in
510 2941 637 3023 quibus
672 2940 999 3023 praestantissimus
1035 2952 1090 3003 est
1124 2941 1225 3003 Beda
1255 2939 1377 3002 Dudlk
1411 2939 1696 3022 Raigradiensis,
1732 2941 1788 3022 qui
1817 2957 1862 3001 nor

160 3082 271 3143 solum
296 3081 479 3142 historiam
506 3080 710 3142 monasterii
744 3080 798 3142 sui
829 3079 974 3162 egregie
1006 3079 1222 3161 composuit,
1253 3078 1448 3141 sedetiam
1471 3079 1591 3141 multis
1615 3079 1768 3160 scriptis,
1789 3094 1862 3159 prae

160 3220 280 3284 sertim
316 3219 463 3281 historia
498 3217 680 3280 Moraviae
715 3218 784 3280 iam
824 3216 868 3280 ad
902 3230 1034 3280 tomum
1074 3237 1203 3280 nonum
1242 3229 1414 3299 provecta
1452 3237 1539 3299 prae
1575 3219 1704 3280 ceteris
1736 3213 1862 3280 contulit

161 3370 216 3438 ut,
252 3377 343 3439 quae
384 3357 418 3418 in
457 3356 604 3418 historia
644 3356 827 3418 Moraviae
866 3368 986 3417 essent
1028 3358 1196 3438 obscura,
1239 3356 1507 3419 illustrarentur.
1563 3355 1774 3418 Nominandi
1808 3364 1862 3415 sunl

160 3506 303 3578 praeter
332 3495 454 3557 Dudlk
484 3493 583 3556 Pitra
613 3494 879 3574 Bonaventura,
911 3494 1011 3556 cuius
1046 3494 1239 3575 diplomata
1270 3495 1420 3558 collecta
1451 3495 1571 3578 magni
1602 3495 1708 3576 pretii
1739 3507 1812 3557 sunt
1835 3487 1862 3549 a(

159 3636 341 3697 historiam
366 3634 560 3696 Bohemiae
589 3632 824 3695 universalem
848 3642 883 3695 et
907 3633 1196 3695 monasteriorum
1225 3633 1521 3714 investigandam,
1546 3631 1743 3716 Gregorius
1764 3631 1862 3706 Volny¹

160 3773 452 3855 Raigradiensis,
488 3772 734 3854 topographus
773 3772 957 3834 Moraviae
998 3773 1135 3853 patriae
1178 3772 1411 3852 certissimus,
1451 3760 1691 3853 Hieronymus
1726 3771 1862 3837 Lachner

160 3910 378 3973 Emautinus.

289 4046 487 4129 Hungarici
512 4065 653 4127 quoque
670 4046 893 4109 Benedictini
913 4066 1044 4129 magna
1068 4066 1147 4108 cum
1172 4046 1357 4128 diligentia
1372 4047 1528 4109 studium
1544 4047 1716 4109 historiae
1740 4036 1862 4127 amplos

161 4198 260 4265 sunt,
296 4207 342 4247 ex
373 4185 501 4266 quibus
533 4204 641 4267 opera
672 4187 979 4267 praestantissima
1011 4186 1199 4247 ediderunt
1229 4185 1424 4248 Damianus
1456 4184 1652 4248 Fuxhoffer
1683 4198 1721 4249 et
1750 4176 1862 4248 l'laum

161 4326 296 4389 Czinar.

248 4463 319 4524 Pez
343 4461 481 4540 fratres,
506 4461 686 4524 Abbatem
708 4463 834 4525 Bessel
858 4482 1049 4544 eorumque
1074 4481 1298 4525 successores
1320 4464 1462 4525 sodales
1478 4464 1684 4528 monasterii
1709 4466 1754 4526 ad
1770 4484 1794 4526 s.
1809 4460 1861 4524 Bla

163 4604 252 4665 sium
278 4602 313 4663 in
336 4600 448 4683 Nigra
469 4599 567 4665 Silva
590 4603 727 4681 imitati,
752 4622 829 4665 cum
854 4602 998 4664 ineunte
1022 4601 1166 4664 saeculo
1182 4613 1303 4664 nostro
1320 4602 1355 4663 in
1371 4603 1624 4666 monasterium
1641 4604 1688 4667 ad
1704 4625 1731 4666 s.
1747 4601 1862 4667 Paulun

164 4743 199 4803 in
224 4739 405 4802 Carinthia
429 4741 673 4823 emigrassent,
697 4742 816 4804 studia
839 4740 1007 4802 historica
1024 4740 1216 4823 diligenter
1230 4740 1411 4821 prosecuti
1427 4752 1519 4803 sunt.
1551 4741 1711 4806 Maxima
1727 4742 1776 4806 ibi
1789 4735 1862 4803 laud<

162 4880 373 4943 floruerunt:
404 4879 641 4960 Marquardus
672 4879 863 4961 Herrgott,
893 4879 952 4960 qui
981 4878 1170 4960 descripsit
1193 4897 1250 4940 res
1273 4889 1396 4960 gestas
1420 4880 1539 4961 gentis
1563 4879 1862 4966 Habsburgensiut

81 5000 85 5007 ⁵
165 5019 312 5099 eiusque
345 5018 463 5080 socius
495 5019 612 5100 operis
640 5019 826 5081 Rustenus
850 5018 964 5097 Heer,
999 5018 1174 5079 Martinus
1207 5016 1378 5096 Gerbert,
1413 5018 1636 5081 Aemilianus
1669 5020 1862 5083 Ussermanr

164 5159 387 5238 'l‘rudpertus
410 5157 580 5240 Neugart,
605 5157 817 5219 Franciscus
840 5157 1008 5237 Kreuter,
1029 5156 1241 5218 Ambrosius
1265 5155 1451 5235 Eichhorn,
1477 5156 1536 5237 qui
1559 5177 1630 5219 non
1654 5160 1767 5221 solum
1788 5158 1862 5220 histc

162 5297 248 5358 riam
291 5297 427 5379 patriae
463 5309 634 5359 terrarum
677 5296 845 5358 Austriae
881 5296 1067 5358 anterioris
1117 5294 1387 5377 diligentissime
1420 5298 1642 5378 tractabant,
1683 5300 1747 5361 sed
1780 5297 1862 5360 etian

165 5437 259 5516 quod
278 5435 410 5497 Hansiz
427 5436 608 5497 societatis
625 5436 705 5497 Iesu
724 5446 870 5516 ceperat
887 5433 1098 5497 Germaniae
1116 5453 1237 5495 sacrae
1259 5433 1468 5495 scribendae
1486 5434 1671 5496 consilium
1687 5452 1862 5517 receperur
