4088 6270
889 502 1169 572 *450-

159 693 262 764 parte
280 694 315 746 et
332 693 467 762 ornata,
490 692 528 744 ut
550 683 662 745 cuivis
685 684 763 746 urbi
785 687 896 747 decus
913 704 992 747 esse

159 806 281 888 possit.
311 806 580 868 Monumentum
604 815 723 867 autem
749 804 919 867 indefessi
943 806 992 866 la-

157 928 254 990 boris
276 938 311 990 et
333 926 528 989 acutissimi
551 926 684 1009 ingenii
700 946 783 988 aere
800 927 992 1007 perennius

158 1050 227 1113 sibi
244 1050 367 1131 exegit
386 1049 533 1131 ,glob0“
549 1069 684 1111 summa
701 1058 778 1110 arte
796 1057 990 1130 exstruct0,

159 1174 217 1254 qui
242 1194 263 1235 a
288 1172 374 1235 viris
399 1171 615 1234 doctissimis
640 1171 806 1232 laudatus
830 1171 990 1251 planiore

1074 695 1110 747 et
1125 687 1264 767 pertica
1281 707 1359 749 curn
1377 688 1474 767 spira
1495 700 1664 751 movente
1688 690 1883 756 coniunctae.

1073 806 1173 869 Haec
1200 808 1296 888 spira
1319 829 1481 891 movens,
1507 830 1600 891 quae
1623 820 1778 874 attracta
1799 824 1832 875 et
1847 814 1884 876 in-

1072 939 1176 992 tensa
1186 931 1285 1012 globi
1295 943 1427 994 motum
1438 931 1547 995 efficit
1559 932 1721 996 inferiori
1734 935 1809 997 axis
1820 938 1884 1017 polo

1072 1053 1212 1113 adnexa
1240 1064 1276 1114 et
1306 1056 1474 1134 capsulae
1503 1054 1660 1136 inclusa,
1689 1057 1772 1118 dum
1797 1068 1883 1121 attra-

1071 1176 1188 1236 hendo
1212 1175 1422 1257 intenditur,
1447 1188 1586 1258 septem
1613 1177 1883 1242 circumactiones

158 1293 398 1374 descriptione
415 1293 544 1374 dignus
561 1301 631 1355 est:
657 1291 873 1373 Globushic,
891 1293 990 1354 cuius
1030 1380 1032 1417 Ι
1071 1297 1241 1378 admittit,
1267 1318 1415 1378 quarum
1438 1319 1507 1361 una
1532 1299 1667 1362 sufficit
1692 1302 1737 1363 ad
1760 1302 1881 1382 globum

159 1417 331 1479 diameter
348 1426 403 1478 est
424 1437 471 1493 1·4
485 1416 597 1496 metri,
615 1427 650 1477 et
667 1415 766 1477 cuius
783 1413 990 1496 superficies
1030 1436 1032 1495 ;
1071 1437 1136 1498 per
1147 1427 1220 1479 tres
1231 1419 1307 1480 dies
1318 1421 1626 1495 commovendum;
1641 1421 1754 1503 igitur
1766 1436 1879 1503 septem

160 1543 209 1600 oz
228 1549 419 1601 metrorum
436 1539 699 1618 quadratorum,
716 1537 785 1599 iam
799 1555 892 1598 anno
911 1540 991 1597 1860
1030 1563 1033 1636 3
1072 1538 1189 1618 spirae
1208 1541 1312 1602 huius
1330 1541 1677 1623 circumactionibuS,
1696 1543 1731 1605 id
1752 1554 1811 1625 est,
1824 1546 1880 1626 ple·

159 1660 316 1724 construi
342 1671 491 1741 coeptus
513 1671 576 1723 est.
607 1661 787 1721 Internum
810 1660 886 1721 eius
910 1679 991 1741 spa·
1030 1720 1033 1775 Ι
1072 1661 1126 1722 nis
1149 1662 1268 1741 spirae
1285 1663 1420 1724 viribus
1441 1663 1601 1744 intensiS,
1626 1666 1757 1747 globus
1779 1686 1876 1748 perri

160 1785 245 1847 tium
262 1784 405 1866 penitus
422 1784 527 1845 meris
544 1783 689 1844 orbibus
707 1781 836 1863 ligneis
852 1801 917 1862 per
934 1801 991 1843 co·
1073 1782 1149 1843 dies
1179 1783 1364 1862 continuos
1393 1796 1648 1849 commovetur.
1684 1787 1753 1868 Qui
1779 1799 1878 1864 motus,

158 1907 320 1968 lumellas
333 1906 425 1968 inter
437 1925 476 1966 se
490 1904 687 1967 coniunctis
697 1905 911 1984 completum
926 1913 991 1966 est.
1030 1975 1033 2001 1
1073 1904 1155 1985 quia
1170 1906 1383 1987 regulariter
1405 1907 1547 1987 incedit,
1571 1910 1797 1992 mechanismi
1817 1911 1879 1972 arti-

159 2026 375 2109 Superficies
400 2047 462 2089 seu
487 2028 725 2088 velamentum
750 2026 849 2107 globi
874 2045 919 2086 ex
942 2025 992 2086 la-

158 2152 261 2213 minis
282 2151 410 2233 ligneis
436 2150 603 2211 tenuibus
628 2147 790 2210 consistit
815 2157 850 2209 et
875 2166 993 2208 massa

159 2283 322 2336 cretacea
357 2272 592 2354 pumiceaque
628 2271 765 2353 glutine
802 2270 992 2332 coniuncta

159 2397 314 2476 illinitur,
336 2395 514 2477 levigatur
537 2404 572 2457 et
593 2394 733 2476 politur.
758 2393 877 2455 Prima
902 2391 991 2454 diffi-

160 2521 274 2582 cultas
300 2528 493 2600 conspecta
518 2529 589 2598 est,
622 2537 700 2579 cum
729 2517 857 2598 globus
889 2515 991 2577 meri-

1072 2024 1189 2087 ficium
1215 2027 1412 2107 perfectum
1437 2029 1655 2093 manifestat.
1685 2030 1806 2112 Spirae
1825 2052 1878 2093 mo

1072 2147 1169 2209 venti
1186 2149 1348 2228 proxime
1365 2151 1536 2212 adhaeret
1556 2152 1684 2234 rotula,
1710 2153 1745 2214 in
1765 2154 1877 2214 modum

1072 2270 1191 2331 annuli
1212 2270 1398 2353 ingeniose
1420 2292 1500 2335 eurn
1524 2273 1559 2335 in
1581 2273 1689 2336 finem
1712 2275 1831 2353 addita,
1851 2288 1878 2334 ut

1073 2393 1169 2472 spira
1187 2393 1264 2472 ipsa
1280 2413 1325 2455 ne
1341 2395 1658 2458 vehementissimo
1675 2397 1810 2478 quidem
1824 2397 1876 2457 ictu

1072 2524 1134 2576 aut
1150 2515 1375 2578 concutiente
1389 2517 1523 2598 impetu
1540 2518 1636 2579 laedi
1649 2518 1807 2602 frangive
1816 2538 1876 2599 pos·

161 2643 266 2704 diano
283 2651 319 2703 et
337 2641 396 2702 axi
412 2641 637 2703 insereretur.
662 2639 743 2700 Una
759 2658 805 2700 ex
822 2647 924 2719 parte
941 2637 991 2699 in·
1072 2636 1128 2697 sit.
1145 2637 1175 2698 T
1177 2646 1257 2699 otus
1273 2637 1332 2698 ille
1345 2639 1606 2702 mechanismus
1620 2640 1805 2703 artificiose
1816 2660 1875 2702 con·

102 2823 106 2831 .
160 2764 303 2826 clinatio
316 2763 418 2824 nimis
432 2783 562 2843 magna
575 2761 763 2843 gravitatis
776 2769 991 2822 momentum
1030 2798 1032 2809 ·
1072 2768 1227 2820 structus
1248 2779 1376 2821 novem
1395 2760 1521 2823 rotulis
1544 2773 1699 2827 constat.
1731 2764 1799 2827 Sed
1816 2781 1873 2822 auc-

159 2885 425 2949 vitiosissimum
448 2894 533 2945 erat.
559 2884 712 2945 Tentata
728 2882 869 2944 diverso
886 2882 991 2943 modo
1030 2844 1032 2963 i
1072 2891 1137 2962 tor,
1155 2881 1290 2943 maiora
1305 2882 1503 2963 intendens,
1526 2885 1680 2946 necdum
1703 2884 1871 2946 inventione

160 3006 385 3087 reparatione
410 3005 502 3083 vitii,
528 3005 562 3065 in
584 3012 685 3084 parte
707 3004 841 3065 leviore
862 3003 991 3064 lamina
1029 2966 1032 3075 i
1072 3023 1135 3064 sua
1153 3014 1352 3084 contentuS,
1377 3005 1484 3067 etiam
1507 3007 1591 3068 anni
1616 3007 1695 3069 dies
1716 3018 1751 3069 et
1765 3024 1871 3069 menses

161 3128 328 3208 plumbea
344 3127 487 3207 inserta,
512 3126 546 3187 in
568 3136 670 3206 parte
692 3125 859 3206 opposita
875 3123 992 3205 perfo-
1030 3118 1032 3249 ,
1073 3135 1108 3186 et
1125 3136 1241 3186 terrae
1257 3137 1391 3189 motum
1411 3127 1544 3188 circum
1566 3128 1678 3190 solem
1696 3127 1799 3190 voluit
1817 3125 1870 3187 illu·

160 3250 356 3312 rationibus
366 3247 543 3328 adhibitis,
555 3246 745 3310 difficultas
759 3257 991 3327 estsuperata
1029 3264 1032 3277 ¹
1072 3246 1185 3308 strari.
1215 3247 1377 3309 Huncin
1400 3247 1506 3310 finem
1531 3249 1624 3311 alter
1647 3249 1869 3312 mechanismus

161 3384 197 3434 et
212 3375 342 3454 globus
359 3372 394 3433 in
407 3370 601 3432 meridiano
614 3370 728 3432 ferreo
742 3371 873 3432 circum
886 3388 990 3431 axem
1029 3432 1031 3485 ,
1072 3369 1236 3429 inventus
1249 3369 1466 3449 etsuperiori
1476 3370 1561 3451 polo
1575 3367 1869 3453 axisglobiaffnus

160 3516 262 3557 suum
279 3494 505 3556 conformiter
525 3506 686 3555 movetur
711 3494 801 3554 intra
824 3491 990 3553 annulum
1072 3501 1135 3551 est.
1159 3491 1228 3552 Hic
1245 3491 1419 3552 cernimus
1437 3494 1526 3553 duos
1543 3495 1651 3554 orbes
1669 3491 1811 3555 numeris
1824 3489 1868 3550 cir-

160 3618 316 3700 ligneum
337 3621 416 3700 15¹s2
435 3616 721 3678 centimetrorum
743 3615 930 3676 latitudine
954 3624 990 3675 et
1028 3598 1030 3668 l
1072 3612 1316 3693 cumscriptOS,
1331 3633 1478 3694 quorum
1492 3634 1583 3675 unus
1596 3614 1714 3695 horas,
1727 3615 1806 3676 alter
1816 3611 1868 3671 dies

159 3741 476 3802 zcentimetrorum
491 3738 737 3800 crassitudine.
760 3736 897 3799 Globus
911 3756 988 3797 cum
1028 3758 1030 3829 t
1071 3745 1107 3796 et
1134 3754 1274 3796 menses
1305 3735 1449 3797 indicat.
1489 3734 1608 3816 Supra
1635 3737 1701 3799 hos
1728 3746 1778 3798 est
1801 3734 1867 3795 linea

158 3863 288 3924 annulo
306 3873 341 3924 et
358 3861 552 3922 meridiano
573 3860 696 3922 nititur
718 3859 887 3921 columnis
905 3879 990 3939 qua·
1028 3840 1030 3881 ³
1071 3857 1246 3937 ecliptica,
1264 3858 1439 3937 zodiacus,
1453 3858 1545 3919 intra
1558 3878 1665 3939 quem
1679 3869 1768 3921 terra
1781 3872 1867 3919 move

158 3997 238 4047 tuor
254 3985 393 4066 ligneiS,
411 4004 502 4064 quae
520 3984 611 4044 inter
632 4003 670 4043 se
692 3981 904 4044 transversis
925 4000 990 4060 per
1028 4048 1029 4058 ἵ
1070 3988 1126 4040 tur
1143 3991 1178 4039 et
1195 3979 1294 4040 cuius
1312 3989 1471 4040 centrum
1494 3979 1547 4040 sol
1569 3990 1635 4042 est.
1661 3981 1760 4060 Quae
1781 3973 1867 4040 omnia

158 4127 297 4169 crucem
324 4106 512 4167 asserculis
540 4105 749 4166 coniunctae
778 4113 813 4165 et
841 4102 989 4164 inferius

159 4230 283 4291 rotulis
300 4250 345 4290 ex
362 4229 538 4289 orichalco
552 4228 598 4289 ad
612 4228 824 4289 movendum
840 4227 988 4287 instruc·

159 4361 218 4412 tae
250 4362 342 4414 sunt.
382 4350 515 4430 Quinta
543 4351 718 4429 columna,
748 4349 876 4410 ceteris
905 4368 989 4429 qua-

159 4473 285 4551 druplo
310 4471 478 4551 crassior,
512 4471 789 4532 mechanismum
821 4471 987 4551 continet,

159 4603 297 4673 partem
337 4593 446 4654 totius
489 4592 607 4672 operis
652 4591 988 4671 artificiosissimam,

160 4715 265 4795 quam
293 4715 471 4794 revelare,
504 4713 614 4775 invito
643 4723 787 4775 auctore
812 4714 851 4775 P.
877 4715 988 4775 Adal-

158 4838 270 4915 berto,
288 4834 389 4896 nefas
406 4844 511 4896 esset.
536 4835 753 4897 Difficillima
770 4837 887 4916 operis
904 4856 988 4917 pars

159 4970 235 5019 erat
252 4971 425 5019 terrarum
445 4958 665 5038 mariumque
688 4959 776 5019 situs
797 4959 988 5020 delineatio

1070 4099 1240 4161 conformi
1250 4101 1498 4167 coniunctione
1509 4120 1588 4162 curn
1598 4103 1709 4182 globo
1718 4097 1866 4163 duodecim

1070 4221 1193 4282 rotulis
1216 4222 1354 4283 ratione
1377 4222 1620 4283 diversissima
1646 4224 1738 4285 inter
1758 4241 1792 4284 se
1810 4237 1866 4280 con·

1071 4343 1172 4403 nexis
1190 4341 1391 4407 efficiuntur
1413 4353 1484 4405 tam
1506 4344 1695 4425 ingeniosa
1717 4357 1750 4406 et
1770 4351 1865 4405 exacta

1069 4466 1261 4546 mensione,
1285 4476 1323 4528 ut
1340 4485 1385 4527 ex
1403 4485 1473 4546 quo
1494 4466 1626 4547 globus
1649 4466 1707 4528 ille
1731 4475 1864 4534 movetur,

1071 4587 1167 4648 nulla
1180 4608 1334 4669 unquam
1348 4589 1519 4668 temporis
1529 4599 1592 4650 aut
1602 4590 1778 4671 signorum
1789 4588 1864 4647 inter-

1071 4710 1166 4771 cidat
1194 4710 1403 4772 differentia.
1439 4711 1566 4793 ltaque
1595 4731 1746 4793 superne
1771 4710 1801 4771 in
1818 4708 1862 4767 hoc

1028 4847 1029 4856 ¹
1069 4835 1177 4914 globo
1205 4835 1330 4894 eodem
1357 4834 1528 4914 temporis
1552 4843 1731 4897 momento
1756 4846 1788 4894 et
1809 4824 1862 4898 loci,

1070 4956 1130 5016 ubi
1146 4956 1273 5036 globus
1286 4956 1506 5036 proponitur,
1524 4969 1560 5017 et
1573 4958 1726 5019 omnium
1743 4956 1861 5016 locorum
1913 4990 1916 5021 2

158 5089 265 5160 atque
289 5080 445 5161 depictio
468 5093 503 5141 et
524 5080 752 5142 mechanismi
777 5083 822 5142 ad
846 5101 988 5142 moven-
1027 5115 1028 5130 κ
1069 5078 1159 5139 infra
1176 5083 1216 5155 34
1229 5080 1379 5159 gradum
1395 5078 1627 5165 longitudinis
1645 5089 1680 5140 et
1697 5101 1736 5156 49
1747 5075 1860 5159 gradun
1912 5096 1916 5121 ⁴.

159 5203 241 5262 dum
251 5203 397 5282 globum
408 5202 628 5281 compositio
640 5201 987 5284 Columnaemediae,
1027 5243 1028 5279 ,
1069 5200 1264 5261 latitudinis
1280 5201 1468 5262 iacentium
1482 5220 1567 5262 vere
1583 5202 1790 5263 conveniens
1801 5204 1859 5256 tem·

159 5325 277 5402 quoad
295 5343 385 5403 opus
403 5332 488 5402 erat,
507 5333 715 5404 excavatae,
733 5325 890 5386 inclusae
907 5335 988 5385 sunt
1069 5342 1146 5403 pus,
1162 5323 1246 5383 item
1259 5342 1399 5383 menses
1416 5333 1451 5384 et
1469 5322 1556 5404 dies,
1571 5335 1606 5384 et
1624 5325 1770 5403 denique
1784 5316 1859 5380 etiam

159 5445 278 5522 plures
296 5445 432 5506 rotulae
450 5445 555 5506 certis
577 5446 773 5509 rationibus
795 5448 987 5528 adaptatae
1026 5423 1029 5481 l
1069 5444 1165 5505 sidus
1178 5444 1323 5526 zodiaci,
1335 5445 1369 5506 in
1384 5464 1454 5525 quo
1467 5445 1581 5506 solum
1595 5444 1858 5523 movetur,legere
