4088 6270
802 503 1075 565 -XIX—

69 732 316 794 monasterium
336 742 451 793 ortum
468 741 523 793 est
540 735 571 810 ¹).
611 732 716 791 Anno
737 750 817 806 1109
834 729 868 790 in
893 730 1005 790 densa
1021 728 1111 790 silva
1127 748 1239 810 prope
1256 729 1432 811 lglaviam
1449 729 1597 791 abbatia
1614 729 1804 793 Trebicum

70 873 210 954 exstitit,
236 871 337 933 cuius
362 871 564 933 conditores
588 869 779 930 Udalricus
804 877 839 930 et
863 867 1035 948 Lutoldus
1059 866 1240 948 principes
1258 868 1441 930 Moraviae
1462 867 1573 930 fuisse
1597 868 1762 931 dicuntur
1771 870 1805 950 ²).

71 1010 176 1072 Huius
199 1009 408 1072 monasterii
431 1019 467 1071 et
483 1007 673 1089 Raigradii
691 1017 727 1068 et
744 1005 902 1069 Gradicii
927 1025 1036 1087 opera
1061 1005 1242 1068 indefessa
1266 1005 1489 1086 potissimum
1505 1007 1668 1069 Moravia
1685 1009 1806 1070 huma-

71 1150 173 1210 nitate
197 1148 312 1211 tincta
335 1158 400 1211 est.
438 1147 504 1209 His
529 1147 682 1226 denique
712 1165 792 1207 1120
809 1145 1066 1207 Willimovium
1091 1163 1203 1225 prope
1220 1144 1441 1207 Czaslaviam
1466 1144 1688 1227 principibus
1705 1147 1805 1227 Apo-

72 1287 232 1349 stolorum
258 1295 504 1349 consecratum
527 1283 689 1364 accessit,
715 1283 895 1346 conditum
912 1303 933 1344 a
950 1281 1138 1345 Guilielmo
1156 1283 1296 1364 (Vilem)
1322 1284 1450 1346 comite
1474 1286 1519 1346 de
1536 1282 1721 1366 Sulzbach‚
1744 1286 1805 1368 qui

74 1446 238 1487 unacum
264 1425 374 1487 fratre
397 1425 603 1486 Hermanno
628 1423 767 1504 magnis
791 1422 941 1484 fortunis
965 1421 1001 1483 id
1024 1421 1260 1502 locupletavit
1274 1424 1309 1503 ³).

193 1590 273 1652 Hoc
290 1589 434 1652 saeculo
451 1589 557 1651 etiarn
574 1588 684 1660 Porta
701 1588 967 1667 Apostolorum,
985 1586 1138 1668 Selavia,
1156 1587 1382 1650 Podlaticum
1398 1588 1566 1651 abbatiae
1588 1589 1805 1652 constitutae

73 1741 153 1789 sunt.
194 1727 276 1808 Quo
300 1747 393 1788 anno
412 1736 448 1788 et
464 1746 485 1787 a
501 1727 629 1806 quibus
645 1726 755 1786 Porta
772 1725 1038 1805 Apostolorum,
1057 1746 1148 1806 quae
1172 1745 1299 1788 nornen
1324 1747 1344 1787 a
1368 1727 1527 1807 patronis
1550 1727 1683 1789 sanctis
1705 1728 1805 1809 Apo-

73 1866 162 1927 stolis
186 1865 340 1946 accepit,
366 1865 509 1927 condita
533 1863 588 1943 sit,
613 1882 677 1944 pro
702 1873 799 1925 certo
824 1864 932 1926 statui
956 1883 1025 1926 non
1050 1876 1179 1945 potest.
1219 1865 1354 1928 Tamen
1379 1866 1556 1928 sententia
1580 1886 1711 1948 eorum,
1746 1867 1805 1948 qui

75 2003 279 2066 Sobeslaum
313 2005 438 2065 ducem
463 2001 681 2065 conditorem
710 2011 887 2081 statuunt,
918 2022 1083 2083 magnam
1114 2005 1223 2065 habet
1254 2004 1542 2084 probabilitatem
1557 2007 1589 2086 ⁴).
1630 2004 1735 2067 Certe
1759 2008 1805 2068 ab

76 2143 188 2203 eodem
215 2140 364 2203 abbatia
388 2139 606 2204 Selaviensis
639 2146 718 2221 1130
747 2141 890 2203 condita
924 2142 1026 2221 ests).
1073 2142 1214 2223 Neque,
1246 2144 1290 2203 ad
1323 2161 1412 2223 quos
1443 2143 1645 2206 conditores
1675 2144 1805 2206 Podla-

77 2279 173 2341 licum
199 2299 226 2340 s.
252 2279 506 2361 Margarethae
535 2298 673 2342 sacrum
698 2279 922 2342 referendum
948 2280 1007 2361 sit,
1041 2281 1127 2343 satis
1151 2291 1300 2343 constat.
1339 2281 1418 2343 Hoc
1442 2291 1561 2344 tamen
1586 2293 1804 2363 compertum

77 2419 247 2498 habemus,
273 2438 351 2480 eam
375 2418 492 2498 priore
517 2418 716 2480 duodecimi
736 2419 868 2481 saeculi
889 2419 1033 2481 dimidio
1056 2419 1340 2500 praeposituram
1364 2420 1668 2482 Blevnoviensem
1693 2420 1804 2483 fuisse

79 2569 106 2615 et
136 2560 214 2633 1159
248 2577 270 2618 a
299 2555 499 2617 Wladislao
534 2575 621 2637 rege
654 2556 846 2618 Bohemiae
882 2557 928 2617 ad
965 2557 1147 2619 abbatiam
1184 2558 1399 2620 monasterio
1432 2559 1690 2621 Blevnoviensi
1721 2562 1802 2622 sub-

81 2694 190 2755 iectam
215 2697 428 2775 productam
453 2714 532 2758 esse
546 2694 580 2776 ⁶).

194 2859 314 2921 Etiam
339 2858 468 2922 Silesia
491 2858 570 2921 filiis
595 2879 620 2921 s,
647 2860 833 2922 Benedicti
858 2860 957 2922 initio
981 2861 1113 2923 saeculi
1138 2860 1264 2923 decimi
1288 2860 1383 2922 tertii
1407 2870 1532 2940 aperta
1557 2871 1621 2924 est.
1660 2862 1715 2924 Ibi
1739 2862 1804 2925 Ca-

86 2996 204 3059 simirus
228 2998 404 3061 lliecislai
429 2999 529 3060 ducis
552 2998 643 3061 filius
672 3020 748 3060 1211
778 2999 983 3061 Teschenae
1008 2999 1207 3080 monachiS,
1240 3018 1328 3080 quos
1359 3019 1405 3060 ex
1434 2999 1607 3063 coenobio
1631 3001 1802 3063 Polonico

87 3135 165 3197 'liniz
186 3157 299 3219 prope
323 3136 545 3199 Krakoviam
570 3135 638 3199 sito
663 3150 866 3217 vocaverat,
892 3138 1104 3200 domicilium
1127 3136 1215 3200 fixit.
1261 3143 1340 3215 1269
1364 3157 1450 3199 vero
1475 3141 1596 3201 sedern
1621 3137 1802 3202 Orlaviam

90 3276 323 3337 transtulerunt
339 3277 372 3354 7).
411 3275 477 3337 His
494 3275 717 3337 monasteriis
735 3275 887 3356 denique
909 3281 988 3352 1146
1005 3296 1135 3338 novum
1160 3277 1369 3339 coenobium
1394 3279 1653 3346 monacharum,
1679 3297 1802 3340 secun-

93 3410 154 3472 dum
176 3413 383 3494 Bohemiae,
412 3414 572 3476 additum
596 3424 669 3494 est,
699 3415 793 3494 quod
817 3414 926 3494 ludit,
951 3435 1042 3477 uxor
1064 3415 1254 3477 Wladislai
1276 3414 1386 3497 regiS,
1412 3415 1561 3495 Teplicii
1593 3416 1802 3478 condiderat

94 3550 276 3631 magnisque
300 3551 451 3613 fortunis
476 3561 705 3613 exstruxerat
721 3550 754 3631 8).

198 3716 321 3796 ltaque
354 3736 400 3777 ex
430 3735 586 3798 gemma,
621 3737 727 3797 quam
759 3736 784 3778 S.
811 3717 1030 3779 Adalbertus
1059 3717 1202 3778 condito
1230 3719 1445 3780 monasterio
1477 3719 1736 3781 Bievnoviensi
1766 3719 1802 3781 in

97 3859 166 3912 terra
187 3853 378 3916 Bohemica
402 3861 463 3932 993
489 3865 640 3936 severat,
664 3857 770 3917 arbor
793 3856 917 3935 patula
941 3865 1161 3935 excreverat,
1186 3855 1285 3917 cuius
1309 3856 1414 3917 ramis
1438 3867 1509 3918 tres
1533 3866 1659 3938 terrae,
1685 3858 1802 3919 Bohe-

98 3987 154 4063 nia‚
174 3992 341 4072 lloravia,
366 3990 495 4055 Silesia
519 3994 834 4057 obumbrabantur.

198 4157 343 4239 impigri
359 4156 422 4219 filii
440 4178 467 4221 s.
485 4159 672 4221 Benedicti
696 4161 741 4220 ad
758 4179 884 4221 munus
901 4179 1002 4221 suum
1021 4169 1259 4239 accesserunt,
1284 4170 1320 4222 et
1336 4162 1466 4223 multae
1483 4163 1589 4222 urbes
1607 4159 1800 4221 Bohemiae

97 4300 121 4347 ct
139 4290 310 4357 lloraviae
336 4317 429 4358 nunc
453 4299 593 4378 amplae
618 4309 654 4360 et
677 4297 846 4359 florentes
871 4298 992 4359 sudori
1018 4297 1217 4378 „nigrorum
1234 4301 1504 4359 monachorum“
1522 4311 1558 4360 et
1574 4298 1745 4379 originem
1764 4307 1800 4360 et

171 4507 377 4518 ——,

196 4654 215 4732 ¹)
242 4657 333 4712 Frind
358 4658 376 4712 l.
402 4678 427 4714 c.
453 4658 474 4714 Ι.

194 4765 215 4842 ²)
240 4767 341 4823 Dudik
366 4768 384 4824 l.
408 4787 434 4824 c.
460 4769 482 4824 Ι.

194 4879 216 4956 3)
240 4878 451 4954 Ziegelbauer,
477 4881 554 4936 Hist.
580 4894 706 4936 monast.
731 4882 881 4936 Bievnov.

194 4990 216 5068 ⁴)
239 4993 298 5048 Alii
323 5006 441 5067 portam
459 4992 677 5068 Apostolorum
695 5012 711 5047 a
729 4993 837 5049 familia
854 4992 890 5048 de
908 4993 1105 5049 erowecen
1123 4993 1272 5048 conditam
1291 5011 1357 5048 csse
1374 4992 1565 5049 arbitrantur.
1589 4993 1612 5047 F
1615 4992 1680 5048 rind
1697 4994 1714 5048 l.
1733 5014 1759 5049 c.
1777 4995 1799 5048 Ι.

195 5104 217 5181 5)
241 5104 332 5160 Frinrl
358 5105 375 5160 l.
400 5124 426 5162 c.

197 5211 219 5295 6)
242 5215 424 5274 Chronicon'
439 5216 534 5274 breve
558 5219 708 5274 Blevnov.

193 5328 214 5407 ⁷)
238 5331 356 5403 Heyne,
380 5329 566 5386 Geschichte
590 5330 644 5387 des
668 5331 818 5387 Bisthums
843 5332 976 5399 Bresiau,
1001 5333 1037 5387 ΙΙ.

194 5439 216 5519 Ι)
240 5440 388 5510 Schaller,
412 5442 643 5518 Topographie.
