4034 6262
877 505 1160 573 ,214-

149 687 281 748 honore
293 683 482 766 insignitus
495 694 550 747 est
563 685 620 747 die
634 706 685 765 ²9·
695 686 770 750 Iun.
785 705 875 767 1772.
892 686 978 749 Pro·

148 806 264 871 sessor
292 807 494 891 theologiae
525 808 560 871 in
588 808 750 872 instituto
781 809 977 873 domestico

149 928 418 1004 Cremifanensi;
444 950 515 1012 quo
537 931 696 994 extincto
716 933 763 994 ad
783 931 978 995 animarum

148 1072 268 1115 curam
285 1070 488 1133 conversus,
513 1063 726 1133 cooperator
746 1053 781 1115 in
802 1052 977 1115 Pfarrkir·

148 1176 247 1256 chen,
263 1173 448 1237 Thalheim
465 1183 501 1236 et
517 1174 781 1248 Buchkirchem
798 1175 977 1256 parochus

147 1296 184 1359 in
210 1296 427 1378 Fischlham‚
454 1296 636 1380 Adlwang
658 1308 695 1361 et
720 1297 976 1372 Eberstallzell;

148 1420 241 1482 unde
251 1420 393 1482 domum
403 1419 448 1480 ad
458 1419 654 1481 docendam
663 1419 881 1502 theologiam
891 1420 978 1502 dog·

148 1542 313 1604 maticam
333 1551 521 1604 revocatus
542 1551 626 1623 post
646 1541 826 1604 biennium
849 1542 894 1603 ad
915 1560 978 1622 pa·

148 1663 305 1726 rochiam
314 1663 557 1727 Eberstallzell
569 1682 733 1726 reversus
746 1662 877 1726 ibidem
890 1663 978 1726 obiit

154 1807 201 1850 12.
217 1787 291 1850 Ian.
313 1790 403 1866 1809.

235 1926 344 1989 Manu
369 1926 521 2009 scriptas
541 1928 605 1989 has
630 1924 900 1989 dissertationes
924 1944 978 1987 re·

147 2048 264 2129 liquit:

235 2192 257 2247 Ι.
279 2192 376 2247 Micae
396 2192 619 2247 astronomicae
640 2191 781 2247 horarum
803 2188 978 2247 subseciva·

147 2315 211 2353 rum
228 2296 304 2353 duce
321 2297 352 2352 P.
370 2295 493 2352 Placido
509 2296 534 2351 1²
536 2295 731 2352 ixlmuellner.
750 2310 786 2352 21
807 2314 837 2370 p.

233 2402 270 2457 II.
295 2402 445 2476 Principia
469 2403 674 2457 astronomiae
698 2403 728 2457 in
751 2400 909 2457 elenchum
930 2418 978 2457 re·

146 2506 244 2575 dacta‚
265 2507 393 2564 authore
417 2519 448 2563 et
469 2505 545 2562 duce
565 2506 598 2562 P.
615 2505 738 2563 Placido
754 2506 779 2561 F
782 2505 977 2562 ixlmuellner.

150 2610 346 2687 1769·481>·
460 2694 464 2701 ,

234 2717 286 2772 ΙΙΙ.
308 2716 354 2772 De
371 2716 558 2790 geometrico
575 2713 692 2770 calculo
713 2713 928 2770 anomaliarum
949 2715 978 2770 in

147 2820 254 2877 orbitis
270 2820 467 2896 planetarum.
486 2817 525 2877 28
542 2839 572 2895 p.

234 2925 284 2982 IV.
299 2925 349 2982 De
366 2924 443 2980 luna.

232 3029 268 3086 V.
287 3029 333 3085 De
350 3025 515 3103 eclipsibus
532 3026 661 3083 solariis.
683 3041 720 3099 14
736 3045 766 3103 p.

233 3133 284 3190 Vl.
302 3133 348 3189 De
364 3128 616 3189 occultationibus
633 3130 795 3187 stellarum.
818 3146 838 3203 4
854 3149 925 3206 pag.
947 3144 977 3187 et

147 3253 164 3312 5
187 3236 308 3294 tabulae
333 3256 399 3294 cum
419 3237 535 3312 figuris.
560 3235 605 3315 (In
627 3234 811 3292 bibliotheca
835 3235 976 3311 speculae

146 3344 378 3400 astronomicae.
395 3342 449 3398 III.
467 3337 616 3419 21-27.)

231 3448 296 3505 VII.
314 3446 470 3526 Opuscula
486 3447 578 3501 varia.
601 3444 778 3519 Argumenti
800 3442 973 3517 theologici.

144 3558 188 3625 4⁰.
206 3566 263 3608 211
284 3571 314 3627 p.
331 3549 471 3607 Biblioth.
487 3549 538 3606 VI.
558 3563 629 3622 ²34·

231 3714 459 3811 Iungwir‘th
479 3725 725 3788 Theodorus
749 3723 975 3807 (Mellicen-

145 3845 225 3927 sis),
242 3844 455 3908 Austriacus
471 3864 518 3907 ex
533 3843 667 3906 Urfahr
686 3861 800 3925 prope
816 3843 975 3906 Lincium

145 3966 203 4030 die
227 3988 257 4045 9.
277 3964 378 4048 Sept.
405 3971 486 4046 1840
506 3975 621 4047 natus,
644 3965 769 4028 habitu
793 3984 820 4029 s.
841 3965 899 4028 dic
927 3969 974 4029 15.

144 4086 244 4170 Sept.
266 4092 343 4151 1861
364 4088 519 4170 indutus,
537 4088 594 4150 die
612 4092 662 4151 25.
675 4085 776 4168 Sept.
794 4092 874 4166 1864
890 4098 976 4151 vota

144 4211 328 4273 sollemnia
349 4209 474 4273 emisit.
503 4208 640 4273 Studiis
663 4209 875 4292 theologicis
895 4231 976 4292 par·

143 4333 206 4396 tim
233 4332 269 4396 in
296 4352 323 4395 s.
347 4332 538 4416 Hippolyti
564 4334 651 4394 urbe
679 4331 808 4414 partim
831 4333 975 4397 Mellicii

144 4475 264 4518 curam
280 4456 453 4537 impendit
467 4464 503 4517 et
516 4455 573 4517 die
586 4459 637 4517 30.
650 4455 714 4518 Iul.
732 4459 813 4518 1866
826 4455 975 4536 primam

143 4578 363 4641 incruentam
391 4577 543 4640 hostiam
567 4578 646 4639 Deo
669 4577 806 4640 obtulit.
839 4555 979 4641 Studiis

143 4698 369 4782 philologieis
390 4698 426 4760 in
442 4699 536 4763 univ.
553 4698 680 4761 Vienn.
701 4719 766 4780 per
785 4699 974 4763 triennium

143 4841 289 4902 operam
313 4841 391 4884 cum
418 4821 648 4902 impertiisset
669 4841 761 4883 anno
789 4827 870 4901 1870
894 4843 974 4904 pro·

143 4941 259 5004 fessor
277 4942 312 5004 in
337 4963 367 5006 c.
383 4962 410 5003 r.
428 4943 615 5024 gymnasio
631 4943 829 5006 Mellicensi
846 4945 973 5024 adpro·

143 5067 249 5126 batus
277 5073 341 5128 est.
374 5062 556 5126 Sacristae
584 5073 619 5126 et
646 5064 789 5145 linguae
814 5063 973 5129 Gallicae

143 5182 355 5264 professoris
379 5204 505 5246 munus
529 5185 564 5245 in
586 5204 624 5246 se
645 5186 803 5266 suscepit
825 5195 861 5248 et
880 5206 973 5249 nunc

1012 5132 1014 5157 l

1144 693 1167 749 l.
1185 692 1248 749 Das
1264 706 1451 767 sogcnannte
1467 694 1701 770 Eintagegesetz
1714 696 1741 750 iu
1754 694 1809 755 den
1820 723 1867 765 um

1058 797 1233 854 crhaltenen
1252 796 1431 874 Tragddicn
1454 799 1508 856 des
1530 798 1714 876 Sophokles.
1734 797 1761 878 (i.
1778 820 1805 860 e.
1822 808 1863 866 De

1058 902 1102 958 sic
1129 900 1209 959 dicta
1235 902 1304 977 lege
1330 901 1436 959 diurna
1459 905 1489 959 in
1511 903 1679 978 tragoediis
1700 902 1857 988 Sophoclis.)

1057 1007 1100 1063 Im
1115 1005 1342 1082 Jahresbericht
1357 1006 1411 1063 des
1427 1007 1456 1065 k.
1474 1008 1503 1065 k.
1516 1006 1727 1084 Gymnasiums
1744 1028 1775 1066 zu
1790 1013 1855 1070 Meli

1062 1109 1158 1184 1871:
1184 1109 1228 1167 8⁰.
1248 1110 1348 1168 Wicn.
1373 1112 1416 1167 lm
1432 1109 1661 1187 Selbstverlagc
1680 1111 1730 1169 des
1746 1111 1853 1190 Gymna-

1057 1216 1160 1272 siums.
1179 1214 1284 1272 Druck
1299 1212 1348 1272 bei
1365 1215 1495 1291 Ludwig
1509 1216 1626 1291 Maycr.

1144 1319 1182 1375 11.
1207 1317 1309 1377 Ucber
1329 1318 1386 1377 den
1401 1319 1484 1376 Chor
1504 1319 1559 1377 der
1579 1320 1780 1396 griechischen,
1794 1340 1852 1400 spe·

1058 1424 1123 1481 cicll
1137 1424 1191 1481 der
1202 1424 1458 1500 sophoklcischen
1469 1423 1636 1500 Tragddie.
1650 1420 1680 1503 (i.
1692 1443 1717 1482 e
1728 1425 1767 1482 De
1776 1427 1851 1482 choro

1057 1527 1197 1585 Graecae
1205 1547 1242 1586 ac
1250 1528 1424 1605 specialiter
1431 1526 1596 1606 Sophoclis
1604 1527 1851 1608 tragoediaelhoe

1058 1635 1107 1690 cit.
1130 1631 1221 1708 1878.

1143 1744 1406 1820 Kaeferbb’ck
1434 1757 1667 1840 Virgilius
1694 1758 1854 1842 (Admon-

1057 1872 1214 1954 tensis)‚
1231 1870 1431 1957 Salisburgi
1446 1897 1477 1954 4.
1490 1875 1567 1939 Iun.
1584 1880 1666 1956 1834
1678 1887 1777 1959 natus,
1784 1884 1857 1940 vota

1057 1994 1242 2057 sollemnia
1262 2015 1310 2060 11.
1330 1995 1394 2059 Iul.
1421 2001 1501 2077 1859
1523 1998 1715 2082 professus,
1737 2018 1761 2078 7.
1777 1999 1857 2078 Aug.

1061 2119 1142 2195 1859
1158 2116 1332 2197 primitias
1345 2118 1550 2183 celebravit.
1568 2120 1767 2184 Praefectus
1775 2116 1859 2183 cleri·

1058 2257 1179 2301 corum
1192 2240 1405 2303 constitutus
1418 2242 1598 2325 isto-61,
1611 2242 1647 2306 in
1658 2243 1746 2306 univ.
1754 2243 1858 2306 Vienn.

1058 2360 1176 2449 studio
1192 2361 1360 2424 historiae
1373 2371 1410 2425 et
1421 2362 1567 2446 linguae
1580 2365 1778 2428 vernaculae
1787 2381 1857 2446 ope·

1057 2503 1132 2545 ram
1144 2502 1291 2567 navans,
1307 2486 1353 2546 ab
1366 2505 1459 2548 anno
1476 2490 1557 2550 1865
1570 2506 1684 2570 usque
1695 2489 1738 2551 ad
1748 2487 1855 2550 obitum

1056 2605 1297 2688 professorem
1321 2606 1396 2689 egit
1420 2607 1455 2670 in
1480 2629 1509 2671 c.
1526 2629 1553 2674 r.
1575 2610 1755 2694 gymnasio
1768 2608 1853 2673 Grae·

1058 2727 1164 2793 censi.
1193 2723 1368 2792 Societati
1389 2729 1513 2795 histor.
1536 2731 1573 2794 in
1598 2730 1706 2796 Stiria
1725 2748 1849 2795 necnon

1057 2869 1128 2913 soc.
1140 2850 1847 2934 „innerdsterreichischeMittelschule“ad·

1057 2973 1212 3055 scriptus
1231 2973 1321 3035 obiit
1336 2973 1509 3056 Virgilius
1530 2975 1843 3058 degenerationem

1056 3115 1139 3158 num
1160 3117 1207 3175 19.
1224 3096 1297 3159 Ian.
1319 3100 1410 3176 1875.

1142 3222 1216 3278 Drei
1236 3221 1297 3278 alte
1314 3221 1459 3279 deutsche
1476 3223 1740 3300 Uebersctzungen
1752 3222 1792 3278 dtr
1802 3218 1837 3274 Bt·

1055 3325 1305 3401 nedictinerregel
1320 3325 1514 3403 besprochen
1531 3328 1592 3385 und
1606 3331 1636 3385 in
1649 3326 1756 3386 Proben
1767 3327 1837 3396 mitge-

1055 3430 1149 3488 theilt.
1167 3427 1196 3509 (i.
1211 3450 1237 3488 e.
1253 3431 1301 3487 De
1316 3428 1547 3507 tribusregulac
1560 3433 1759 3491 Benedictinae
1773 3442 1835 3485 nant

1054 3533 1215 3592 lationibus
1231 3548 1367 3592 veterum
1380 3534 1604 3593 Germanorum
1622 3538 1721 3613 lingua
1730 3545 1834 3594 commen·

1054 3637 1182 3719 tarium.)
1199 3639 1316 3697 Grazer
1331 3638 1699 3717 Gymnasial-Programm
1719 3636 1790 3698 1868.

1140 3749 1361 3824 Kaliwoda
1392 3759 1661 3827 Guntherus
1692 3762 1832 3847 (salga-

1055 3879 1235 3962 diensis),
1252 3879 1396 3942 Brunae
1411 3881 1445 3942 in
1460 3881 1625 3945 Moravia
1641 3870 1832 3947 2o.Dec.111⁵

1055 4012 1076 4054 a
1095 4001 1198 4073 patre
1214 3992 1368 4074 Iosepho
1390 3993 1469 4056 cive
1491 4005 1529 4058 et
1549 3996 1691 4059 lanione
1713 4004 1744 4059 et
1761 3996 1833 4055 matri

1055 4113 1262 4177 Elisabetha
1278 4115 1498 4198 progenitus,
1516 4116 1672 4181 Ioannes
1687 4133 1790 4197 evang.
1800 4108 1833 4167 0⁵²

1054 4245 1213 4298 vocatus.
1236 4236 1312 4298 Iam
1331 4236 1486 4317 pueriles
1507 4237 1602 4302 inter
1624 4240 1723 4303 ludos
1739 4231 1833 4300 saniora

1055 4356 1230 4419 meditans
1246 4358 1416 4437 puerulus
1431 4361 1477 4421 ad
1493 4361 1692 4425 studiorum
1707 4357 1832 4425 clement

1055 4480 1089 4541 in
1112 4481 1201 4542 urbe
1224 4480 1341 4561 patria
1362 4482 1602 4546 combibenda
1617 4482 1804 4547 convertitur
1811 4474 1833 4530 θῑ

1054 4602 1228 4665 absolutis
1249 4622 1342 4665 anno
1367 4608 1446 4684 1827
1472 4606 1649 4683 classibus
1670 4599 1833 4670 normalibl⁵

1054 4745 1095 4788 ac
1117 4726 1398 4808 gymnasialibus
1421 4729 1468 4789 ab
1492 4748 1587 4792 anno
1613 4731 1766 4794 1828-38
1783 4711 1833 4783 emi

1053 4848 1151 4910 nenti
1161 4868 1566 4931 sempercumsuccessu
1576 4854 1833 4917 adaltioraascerr

1053 4969 1105 5032 dit
1117 4972 1363 5052 philosophiae
1376 4975 1506 5039 studia.
1525 4973 1698 5056 Quamvis
1709 4972 1832 5038 animatus

1052 5093 1133 5173 piae
1164 5095 1356 5176 genetricis
1387 5095 1515 5176 spiritu
1544 5097 1787 5181 religiosissimo
1804 5076 1830 5145 ad

1053 5222 1184 5276 statum
1212 5216 1410 5279 clericalem
1437 5238 1459 5280 a
1484 5221 1620 5283 teneris
1645 5218 1829 5285 inclinaretur,

145 5304 330 5367 directoris
362 5305 546 5366 convictus
576 5306 793 5369 Mellicensis
828 5327 972 5371 munere
1011 5384 1013 5389 ⁴
1053 5335 1171 5390 tamen
1211 5330 1420 5392 durantibus
1457 5333 1589 5396 studiis
1631 5314 1829 5415 philosophicis

144 5423 313 5504 fungitur.
338 5423 504 5503 Scripsit:

1011 5478 1013 5507 1
1057 5452 1137 5526 1884
1162 5461 1197 5511 et
1217 5454 1307 5532 1835,
1328 5452 1364 5514 in
1381 5453 1512 5533 quibus
1528 5455 1624 5519 inter
1637 5457 1722 5520 alios
1738 5434 1830 5514 etRll·
