<?xml version="1.0" encoding="UTF-8"?>
<!DOCTYPE html PUBLIC "-//W3C//DTD XHTML 1.0 Transitional//EN"
    "http://www.w3.org/TR/xhtml1/DTD/xhtml1-transitional.dtd">
<html xmlns="http://www.w3.org/1999/xhtml" xml:lang="en" lang="en">
 <head>
  <title>
</title>
<meta http-equiv="Content-Type" content="text/html;charset=utf-8" />
  <meta name='ocr-system' content='tesseract 3.04.00' />
  <meta name='ocr-capabilities' content='ocr_page ocr_carea ocr_par ocr_line ocrx_word'/>
</head>
<body>
  <div class='ocr_page' id='page_1' title='image "./scriptoresordin00benegoog_0404.png"; bbox 0 0 4034 6262; ppageno 0'>
   <div class='ocr_carea' id='block_1_1' title="bbox 761 486 1041 559">
    <p class='ocr_par' dir='ltr' id='par_1_1' title="bbox 761 486 1041 559">
     <span class='ocr_line' id='line_1_1' title="bbox 761 486 1041 559; baseline 0.011 -37"><span class='ocrx_word' id='word_1_1' title='bbox 761 486 1041 559; x_wconf 53' lang='grc' dir='ltr'>-ψ-</span> 
     </span>
    </p>
   </div>
   <div class='ocr_carea' id='block_1_2' title="bbox 124 677 862 1802">
    <p class='ocr_par' dir='ltr' id='par_1_2' title="bbox 124 677 862 1370">
     <span class='ocr_line' id='line_1_2' title="bbox 124 677 862 761; baseline -0.001 -19"><span class='ocrx_word' id='word_1_2' title='bbox 124 696 191 760; x_wconf 88' lang='lat' dir='ltr'>per</span> <span class='ocrx_word' id='word_1_3' title='bbox 202 678 358 761; x_wconf 91' lang='lat' dir='ltr'>quinque</span> <span class='ocrx_word' id='word_1_4' title='bbox 371 696 485 740; x_wconf 90' lang='lat' dir='ltr'>annos</span> <span class='ocrx_word' id='word_1_5' title='bbox 501 677 705 759; x_wconf 84' lang='lat' dir='ltr'>praefectus</span> <span class='ocrx_word' id='word_1_6' title='bbox 717 677 769 740; x_wconf 89' lang='lat' dir='ltr'>rei</span> <span class='ocrx_word' id='word_1_7' title='bbox 781 697 862 761; x_wconf 87' lang='lat' dir='ltr'>gra·</span> 
     </span>
     <span class='ocr_line' id='line_1_3' title="bbox 127 799 862 880; baseline -0.003 -16"><span class='ocrx_word' id='word_1_8' title='bbox 127 820 167 874; x_wconf 77' lang='lat' dir='ltr'>e:</span> <span class='ocrx_word' id='word_1_9' title='bbox 189 802 284 865; x_wconf 88' lang='lat' dir='ltr'>unde</span> <span class='ocrx_word' id='word_1_10' title='bbox 308 804 388 880; x_wconf 82' lang='lat'>1763</span> <span class='ocrx_word' id='word_1_11' title='bbox 410 810 601 863; x_wconf 87' lang='lat' dir='ltr'>revocatus</span> <span class='ocrx_word' id='word_1_12' title='bbox 623 799 658 863; x_wconf 92' lang='lat' dir='ltr'>in</span> <span class='ocrx_word' id='word_1_13' title='bbox 679 800 862 862; x_wconf 84' lang='lat' dir='ltr'>academia</span> 
     </span>
     <span class='ocr_line' id='line_1_4' title="bbox 124 919 862 1005; baseline -0.003 -19"><span class='ocrx_word' id='word_1_14' title='bbox 124 921 287 986; x_wconf 75' lang='lat' dir='ltr'>rifanensi</span> <span class='ocrx_word' id='word_1_15' title='bbox 316 921 513 1005; x_wconf 90' lang='lat' dir='ltr'>poeticam,</span> <span class='ocrx_word' id='word_1_16' title='bbox 548 924 723 1001; x_wconf 84' lang='lat'>1765-67</span> <span class='ocrx_word' id='word_1_17' title='bbox 753 919 862 986; x_wconf 91' lang='lat' dir='ltr'>Salis·</span> 
     </span>
     <span class='ocr_line' id='line_1_5' title="bbox 124 1044 862 1128; baseline -0.003 -20"><span class='ocrx_word' id='word_1_18' title='bbox 124 1047 129 1108; x_wconf 87' lang='lat' dir='ltr'>i</span> <span class='ocrx_word' id='word_1_19' title='bbox 157 1044 420 1128; x_wconf 87' lang='lat' dir='ltr'>philosophiam</span> <span class='ocrx_word' id='word_1_20' title='bbox 444 1045 580 1118; x_wconf 90' lang='lat' dir='ltr'>docuit;</span> <span class='ocrx_word' id='word_1_21' title='bbox 609 1053 737 1126; x_wconf 88' lang='lat' dir='ltr'>postea</span> <span class='ocrx_word' id='word_1_22' title='bbox 759 1064 862 1127; x_wconf 90' lang='lat' dir='ltr'>paro·</span> 
     </span>
     <span class='ocr_line' id='line_1_6' title="bbox 124 1164 859 1231; baseline -0.003 0"><span class='ocrx_word' id='word_1_23' title='bbox 124 1168 165 1231; x_wconf 89' lang='lat' dir='ltr'>in</span> <span class='ocrx_word' id='word_1_24' title='bbox 176 1166 427 1231; x_wconf 89' lang='lat' dir='ltr'>Eberstallzell</span> <span class='ocrx_word' id='word_1_25' title='bbox 442 1174 479 1228; x_wconf 92' lang='lat' dir='ltr'>et</span> <span class='ocrx_word' id='word_1_26' title='bbox 490 1164 695 1228; x_wconf 90' lang='lat' dir='ltr'>Vorchdorf</span> <span class='ocrx_word' id='word_1_27' title='bbox 707 1165 796 1228; x_wconf 91' lang='lat' dir='ltr'>obiit</span> <span class='ocrx_word' id='word_1_28' title='bbox 809 1170 859 1229; x_wconf 78' lang='lat'>23.</span> 
     </span>
     <span class='ocr_line' id='line_1_7' title="bbox 149 1286 433 1370; baseline -0.007 -19"><span class='ocrx_word' id='word_1_29' title='bbox 149 1309 242 1369; x_wconf 83' lang='lat'><strong>179²·</strong></span> <span class='ocrx_word' id='word_1_30' title='bbox 266 1286 433 1370; x_wconf 85' lang='lat' dir='ltr'>Scripsit:</span> 
     </span>
    </p>

    <p class='ocr_par' dir='ltr' id='par_1_3' title="bbox 124 1412 861 1593">
     <span class='ocr_line' id='line_1_8' title="bbox 124 1412 861 1491; baseline -0.007 -18"><span class='ocrx_word' id='word_1_31' title='bbox 124 1459 133 1473; x_wconf 95' lang='lat'>.</span> <span class='ocrx_word' id='word_1_32' title='bbox 159 1416 208 1473; x_wconf 90' lang='lat' dir='ltr'>De</span> <span class='ocrx_word' id='word_1_33' title='bbox 229 1414 426 1491; x_wconf 87' lang='lat' dir='ltr'>philosophia</span> <span class='ocrx_word' id='word_1_34' title='bbox 448 1412 668 1471; x_wconf 88' lang='lat' dir='ltr'>Germanorum</span> <span class='ocrx_word' id='word_1_35' title='bbox 693 1414 861 1488; x_wconf 86' lang='lat' dir='ltr'>generatim</span> 
     </span>
     <span class='ocr_line' id='line_1_9' title="bbox 124 1516 613 1593; baseline 0.002 -16"><span class='ocrx_word' id='word_1_36' title='bbox 124 1523 202 1577; x_wconf 86' lang='lat' dir='ltr'>tatio</span> <span class='ocrx_word' id='word_1_37' title='bbox 219 1520 243 1577; x_wconf 91' lang='grc' dir='ltr'>Ι.</span> <span class='ocrx_word' id='word_1_38' title='bbox 260 1517 442 1593; x_wconf 83' lang='lat' dir='ltr'>Salisburgi,</span> <span class='ocrx_word' id='word_1_39' title='bbox 464 1516 554 1592; x_wconf 85' lang='lat'>1766.</span> <span class='ocrx_word' id='word_1_40' title='bbox 571 1524 613 1590; x_wconf 88' lang='lat'>4⁰.</span> 
     </span>
    </p>

    <p class='ocr_par' dir='ltr' id='par_1_4' title="bbox 124 1621 860 1802">
     <span class='ocr_line' id='line_1_10' title="bbox 124 1621 860 1700; baseline -0.003 -20"><span class='ocrx_word' id='word_1_41' title='bbox 124 1625 149 1682; x_wconf 90' lang='lat'>1.</span> <span class='ocrx_word' id='word_1_42' title='bbox 168 1624 217 1681; x_wconf 90' lang='lat' dir='ltr'>De</span> <span class='ocrx_word' id='word_1_43' title='bbox 234 1623 427 1700; x_wconf 88' lang='lat' dir='ltr'>philosophia</span> <span class='ocrx_word' id='word_1_44' title='bbox 443 1621 666 1679; x_wconf 87' lang='lat' dir='ltr'>Germanorum</span> <span class='ocrx_word' id='word_1_45' title='bbox 683 1621 784 1679; x_wconf 85' lang='lat' dir='ltr'>divina</span> <span class='ocrx_word' id='word_1_46' title='bbox 799 1621 860 1679; x_wconf 92' lang='lat' dir='ltr'>dis·</span> 
     </span>
     <span class='ocr_line' id='line_1_11' title="bbox 124 1724 578 1802; baseline -0.004 -18"><span class='ocrx_word' id='word_1_47' title='bbox 124 1728 208 1786; x_wconf 70' lang='lat'>1011.</span> <span class='ocrx_word' id='word_1_48' title='bbox 225 1725 407 1802; x_wconf 84' lang='lat' dir='ltr'>Salisburgi,</span> <span class='ocrx_word' id='word_1_49' title='bbox 429 1724 518 1800; x_wconf 91' lang='grc'><strong>1766.</strong></span> <span class='ocrx_word' id='word_1_50' title='bbox 536 1731 578 1799; x_wconf 89' lang='lat'>4⁰.</span> 
     </span>
    </p>
   </div>
   <div class='ocr_carea' id='block_1_3' title="bbox 124 1829 862 2010">
    <p class='ocr_par' dir='ltr' id='par_1_5' title="bbox 124 1829 862 2010">
     <span class='ocr_line' id='line_1_12' title="bbox 124 1829 862 1908; baseline -0.005 -19"><span class='ocrx_word' id='word_1_51' title='bbox 124 1832 164 1889; x_wconf 94' lang='lat'>11.</span> <span class='ocrx_word' id='word_1_52' title='bbox 183 1833 232 1889; x_wconf 89' lang='lat' dir='ltr'>De</span> <span class='ocrx_word' id='word_1_53' title='bbox 248 1830 442 1908; x_wconf 87' lang='lat' dir='ltr'>philosophia</span> <span class='ocrx_word' id='word_1_54' title='bbox 455 1829 675 1887; x_wconf 86' lang='lat' dir='ltr'>Germanorum</span> <span class='ocrx_word' id='word_1_55' title='bbox 688 1829 814 1886; x_wconf 91' lang='lat' dir='ltr'>naturali</span> <span class='ocrx_word' id='word_1_56' title='bbox 831 1842 862 1886; x_wconf 91' lang='lat' dir='ltr'>et</span> 
     </span>
     <span class='ocr_line' id='line_1_13' title="bbox 124 1932 861 2010; baseline -0.007 -15"><span class='ocrx_word' id='word_1_57' title='bbox 124 1937 322 1994; x_wconf 85' lang='lat' dir='ltr'>idissertatio</span> <span class='ocrx_word' id='word_1_58' title='bbox 335 1934 388 1992; x_wconf 93' lang='lat' dir='ltr'>III.</span> <span class='ocrx_word' id='word_1_59' title='bbox 406 1932 586 2010; x_wconf 88' lang='lat' dir='ltr'>Salisburgi,</span> <span class='ocrx_word' id='word_1_60' title='bbox 608 1932 699 2007; x_wconf 84' lang='lat'>1767.</span> <span class='ocrx_word' id='word_1_61' title='bbox 716 1939 758 2007; x_wconf 87' lang='grc'>40.</span> <span class='ocrx_word' id='word_1_62' title='bbox 782 1949 817 2006; x_wconf 90' lang='lat'>14</span> <span class='ocrx_word' id='word_1_63' title='bbox 830 1953 861 2009; x_wconf 90' lang='lat' dir='ltr'>p.</span> 
     </span>
    </p>
   </div>
   <div class='ocr_carea' id='block_1_4' title="bbox 124 2082 867 4615">
    <p class='ocr_par' dir='ltr' id='par_1_6' title="bbox 124 2082 867 4615">
     <span class='ocr_line' id='line_1_14' title="bbox 124 2082 862 2179; baseline -0.004 -22"><span class='ocrx_word' id='word_1_64' title='bbox 124 2082 397 2179; x_wconf 43' lang='lat' dir='ltr'>&#39;sanghayder</span> <span class='ocrx_word' id='word_1_65' title='bbox 418 2090 628 2156; x_wconf 89' lang='lat' dir='ltr'>Silvester</span> <span class='ocrx_word' id='word_1_66' title='bbox 653 2091 862 2174; x_wconf 59' lang='grc'><strong>(8101111111-</strong></span> 
     </span>
     <span class='ocr_line' id='line_1_15' title="bbox 132 2208 862 2294; baseline -0.003 -20"><span class='ocrx_word' id='word_1_67' title='bbox 132 2211 194 2294; x_wconf 83' lang='lat' dir='ltr'>is),</span> <span class='ocrx_word' id='word_1_68' title='bbox 220 2220 329 2274; x_wconf 88' lang='lat' dir='ltr'>antea</span> <span class='ocrx_word' id='word_1_69' title='bbox 351 2209 526 2293; x_wconf 88' lang='lat' dir='ltr'>Ignatius,</span> <span class='ocrx_word' id='word_1_70' title='bbox 551 2208 586 2272; x_wconf 91' lang='lat' dir='ltr'>in</span> <span class='ocrx_word' id='word_1_71' title='bbox 610 2220 727 2273; x_wconf 88' lang='lat' dir='ltr'>castro</span> <span class='ocrx_word' id='word_1_72' title='bbox 749 2209 862 2293; x_wconf 87' lang='lat' dir='ltr'>Berg-</span> 
     </span>
     <span class='ocr_line' id='line_1_16' title="bbox 126 2331 860 2416; baseline -0.003 -20"><span class='ocrx_word' id='word_1_73' title='bbox 126 2332 326 2416; x_wconf 90' lang='lat' dir='ltr'>superioris</span> <span class='ocrx_word' id='word_1_74' title='bbox 347 2331 517 2394; x_wconf 89' lang='lat' dir='ltr'>Austriae</span> <span class='ocrx_word' id='word_1_75' title='bbox 538 2331 596 2393; x_wconf 89' lang='lat' dir='ltr'>die</span> <span class='ocrx_word' id='word_1_76' title='bbox 622 2352 669 2410; x_wconf 85' lang='lat'>19.</span> <span class='ocrx_word' id='word_1_77' title='bbox 686 2331 760 2394; x_wconf 90' lang='lat' dir='ltr'>Iun.</span> <span class='ocrx_word' id='word_1_78' title='bbox 783 2350 860 2412; x_wconf 89' lang='lat'>1717</span> 
     </span>
     <span class='ocr_line' id='line_1_17' title="bbox 124 2453 863 2537; baseline 0.001 -21"><span class='ocrx_word' id='word_1_79' title='bbox 124 2475 145 2536; x_wconf 83' lang='grc'>1,</span> <span class='ocrx_word' id='word_1_80' title='bbox 168 2454 437 2537; x_wconf 89' lang='lat' dir='ltr'>disciplinarum</span> <span class='ocrx_word' id='word_1_81' title='bbox 460 2453 658 2516; x_wconf 88' lang='lat' dir='ltr'>liberalium</span> <span class='ocrx_word' id='word_1_82' title='bbox 686 2453 863 2517; x_wconf 88' lang='lat' dir='ltr'>elementa</span> 
     </span>
     <span class='ocr_line' id='line_1_18' title="bbox 124 2574 863 2658; baseline -0.001 -19"><span class='ocrx_word' id='word_1_83' title='bbox 124 2575 231 2657; x_wconf 80' lang='lat' dir='ltr'>rifani,</span> <span class='ocrx_word' id='word_1_84' title='bbox 258 2574 507 2658; x_wconf 91' lang='lat' dir='ltr'>philosophiae</span> <span class='ocrx_word' id='word_1_85' title='bbox 531 2584 728 2657; x_wconf 88' lang='lat' dir='ltr'>praecepta</span> <span class='ocrx_word' id='word_1_86' title='bbox 751 2575 863 2639; x_wconf 90' lang='lat' dir='ltr'>Lincii</span> 
     </span>
     <span class='ocr_line' id='line_1_19' title="bbox 124 2694 862 2761; baseline -0.001 0"><span class='ocrx_word' id='word_1_87' title='bbox 124 2708 178 2761; x_wconf 88' lang='lat' dir='ltr'>tus</span> <span class='ocrx_word' id='word_1_88' title='bbox 195 2698 231 2761; x_wconf 91' lang='lat' dir='ltr'>in</span> <span class='ocrx_word' id='word_1_89' title='bbox 248 2695 465 2760; x_wconf 87' lang='lat' dir='ltr'>monasterio</span> <span class='ocrx_word' id='word_1_90' title='bbox 482 2694 738 2760; x_wconf 87' lang='lat' dir='ltr'>Cremifanensi</span> <span class='ocrx_word' id='word_1_91' title='bbox 759 2697 817 2759; x_wconf 89' lang='lat' dir='ltr'>die</span> <span class='ocrx_word' id='word_1_92' title='bbox 834 2701 862 2760; x_wconf 92' lang='lat'>8.</span> 
     </span>
     <span class='ocr_line' id='line_1_20' title="bbox 140 2819 864 2903; baseline -0.003 -19"><span class='ocrx_word' id='word_1_93' title='bbox 140 2825 221 2901; x_wconf 84' lang='grc'><strong>1754</strong></span> <span class='ocrx_word' id='word_1_94' title='bbox 237 2819 421 2903; x_wconf 88' lang='lat' dir='ltr'>religionis</span> <span class='ocrx_word' id='word_1_95' title='bbox 437 2827 661 2882; x_wconf 87' lang='lat' dir='ltr'>sacramento</span> <span class='ocrx_word' id='word_1_96' title='bbox 683 2819 864 2903; x_wconf 92' lang='lat' dir='ltr'>obligatus</span> 
     </span>
     <span class='ocr_line' id='line_1_21' title="bbox 124 2942 864 3027; baseline 0 -22"><span class='ocrx_word' id='word_1_97' title='bbox 124 2944 345 3027; x_wconf 90' lang='lat' dir='ltr'>rosequenda</span> <span class='ocrx_word' id='word_1_98' title='bbox 365 2943 562 3005; x_wconf 89' lang='lat' dir='ltr'>litterarum</span> <span class='ocrx_word' id='word_1_99' title='bbox 583 2942 703 3004; x_wconf 91' lang='lat' dir='ltr'>studia</span> <span class='ocrx_word' id='word_1_100' title='bbox 723 2942 759 3004; x_wconf 90' lang='lat' dir='ltr'>in</span> <span class='ocrx_word' id='word_1_101' title='bbox 783 2961 864 3005; x_wconf 93' lang='lat' dir='ltr'>con-</span> 
     </span>
     <span class='ocr_line' id='line_1_22' title="bbox 124 3065 863 3162; baseline 0.003 -36"><span class='ocrx_word' id='word_1_102' title='bbox 124 3087 164 3130; x_wconf 88' lang='lat' dir='ltr'>m</span> <span class='ocrx_word' id='word_1_103' title='bbox 176 3066 489 3149; x_wconf 87' lang='lat' dir='ltr'>Salisburgensem</span> <span class='ocrx_word' id='word_1_104' title='bbox 506 3066 695 3162; x_wconf 74' lang='lat' dir='ltr'>ablegatus</span> <span class='ocrx_word' id='word_1_105' title='bbox 712 3065 863 3129; x_wconf 88' lang='lat' dir='ltr'>triennio</span> 
     </span>
     <span class='ocr_line' id='line_1_23' title="bbox 146 3187 863 3270; baseline -0.001 -18"><span class='ocrx_word' id='word_1_106' title='bbox 146 3189 274 3252; x_wconf 91' lang='lat' dir='ltr'>artium</span> <span class='ocrx_word' id='word_1_107' title='bbox 309 3188 508 3251; x_wconf 90' lang='lat' dir='ltr'>liberalium</span> <span class='ocrx_word' id='word_1_108' title='bbox 545 3198 581 3251; x_wconf 91' lang='lat' dir='ltr'>et</span> <span class='ocrx_word' id='word_1_109' title='bbox 615 3187 863 3270; x_wconf 84' lang='lat' dir='ltr'>philosophiae</span> 
     </span>
     <span class='ocr_line' id='line_1_24' title="bbox 124 3310 864 3394; baseline 0.004 -25"><span class='ocrx_word' id='word_1_110' title='bbox 124 3330 131 3368; x_wconf 72' lang='lat' dir='ltr'>i</span> <span class='ocrx_word' id='word_1_111' title='bbox 147 3311 337 3394; x_wconf 85' lang='lat' dir='ltr'>insignitus</span> <span class='ocrx_word' id='word_1_112' title='bbox 351 3310 457 3374; x_wconf 92' lang='lat' dir='ltr'>rediit</span> <span class='ocrx_word' id='word_1_113' title='bbox 479 3320 515 3373; x_wconf 92' lang='lat' dir='ltr'>et</span> <span class='ocrx_word' id='word_1_114' title='bbox 532 3331 583 3389; x_wconf 92' lang='grc'>24.</span> <span class='ocrx_word' id='word_1_115' title='bbox 600 3310 675 3374; x_wconf 91' lang='lat' dir='ltr'>Iun.</span> <span class='ocrx_word' id='word_1_116' title='bbox 697 3329 775 3390; x_wconf 88' lang='grc'><strong>1742</strong></span> <span class='ocrx_word' id='word_1_117' title='bbox 794 3311 864 3393; x_wconf 92' lang='lat' dir='ltr'>pri-</span> 
     </span>
     <span class='ocr_line' id='line_1_25' title="bbox 124 3431 864 3514; baseline 0.005 -23"><span class='ocrx_word' id='word_1_118' title='bbox 124 3466 127 3491; x_wconf 58' lang='grc'>1</span> <span class='ocrx_word' id='word_1_119' title='bbox 144 3434 273 3496; x_wconf 87' lang='lat' dir='ltr'>missae</span> <span class='ocrx_word' id='word_1_120' title='bbox 290 3431 501 3496; x_wconf 90' lang='lat' dir='ltr'>sacrificium</span> <span class='ocrx_word' id='word_1_121' title='bbox 523 3431 661 3496; x_wconf 90' lang='lat' dir='ltr'>obtulit.</span> <span class='ocrx_word' id='word_1_122' title='bbox 686 3432 864 3514; x_wconf 90' lang='lat' dir='ltr'>Coopera-</span> 
     </span>
     <span class='ocr_line' id='line_1_26' title="bbox 124 3552 864 3636; baseline 0.003 -20"><span class='ocrx_word' id='word_1_123' title='bbox 124 3554 436 3636; x_wconf 86' lang='lat' dir='ltr'>nWeisskirchen,</span> <span class='ocrx_word' id='word_1_124' title='bbox 454 3552 692 3617; x_wconf 88' lang='lat' dir='ltr'>confessarius</span> <span class='ocrx_word' id='word_1_125' title='bbox 711 3574 864 3618; x_wconf 90' lang='lat' dir='ltr'>conven-</span> 
     </span>
     <span class='ocr_line' id='line_1_27' title="bbox 124 3677 865 3760; baseline -0.001 -20"><span class='ocrx_word' id='word_1_126' title='bbox 124 3695 191 3760; x_wconf 89' lang='lat' dir='ltr'>um,</span> <span class='ocrx_word' id='word_1_127' title='bbox 212 3697 294 3758; x_wconf 88' lang='grc'><strong>1744</strong></span> <span class='ocrx_word' id='word_1_128' title='bbox 307 3677 440 3760; x_wconf 89' lang='lat' dir='ltr'>primus</span> <span class='ocrx_word' id='word_1_129' title='bbox 456 3677 542 3739; x_wconf 87' lang='lat' dir='ltr'>iuris</span> <span class='ocrx_word' id='word_1_130' title='bbox 559 3677 719 3740; x_wconf 91' lang='lat' dir='ltr'>canonici</span> <span class='ocrx_word' id='word_1_131' title='bbox 736 3677 771 3740; x_wconf 93' lang='lat' dir='ltr'>in</span> <span class='ocrx_word' id='word_1_132' title='bbox 785 3697 865 3741; x_wconf 86' lang='lat' dir='ltr'>aca-</span> 
     </span>
     <span class='ocr_line' id='line_1_28' title="bbox 124 3798 865 3882; baseline -0.001 -20"><span class='ocrx_word' id='word_1_133' title='bbox 124 3819 152 3862; x_wconf 80' lang='lat' dir='ltr'>a</span> <span class='ocrx_word' id='word_1_134' title='bbox 167 3798 424 3864; x_wconf 85' lang='lat' dir='ltr'>Cremifanensi</span> <span class='ocrx_word' id='word_1_135' title='bbox 445 3798 636 3882; x_wconf 85' lang='lat' dir='ltr'>professor,</span> <span class='ocrx_word' id='word_1_136' title='bbox 663 3799 791 3862; x_wconf 90' lang='lat' dir='ltr'>deinde</span> <span class='ocrx_word' id='word_1_137' title='bbox 811 3798 865 3861; x_wconf 89' lang='lat' dir='ltr'>ius</span> 
     </span>
     <span class='ocr_line' id='line_1_29' title="bbox 124 3920 866 4004; baseline 0.003 -23"><span class='ocrx_word' id='word_1_138' title='bbox 124 3937 148 4003; x_wconf 81' lang='lat' dir='ltr'>e,</span> <span class='ocrx_word' id='word_1_139' title='bbox 164 3924 372 4004; x_wconf 85' lang='lat' dir='ltr'>pandectas,</span> <span class='ocrx_word' id='word_1_140' title='bbox 393 3921 448 3984; x_wconf 91' lang='lat' dir='ltr'>ius</span> <span class='ocrx_word' id='word_1_141' title='bbox 469 3921 650 4003; x_wconf 91' lang='lat' dir='ltr'>publicum</span> <span class='ocrx_word' id='word_1_142' title='bbox 673 3932 708 3985; x_wconf 91' lang='lat' dir='ltr'>et</span> <span class='ocrx_word' id='word_1_143' title='bbox 724 3920 866 3983; x_wconf 89' lang='lat' dir='ltr'>feudale</span> 
     </span>
     <span class='ocr_line' id='line_1_30' title="bbox 126 4040 867 4126; baseline 0.001 -21"><span class='ocrx_word' id='word_1_144' title='bbox 126 4040 165 4126; x_wconf 87' lang='lat' dir='ltr'>it,</span> <span class='ocrx_word' id='word_1_145' title='bbox 191 4047 272 4124; x_wconf 86' lang='grc'><strong>1754</strong></span> <span class='ocrx_word' id='word_1_146' title='bbox 292 4043 532 4107; x_wconf 88' lang='lat' dir='ltr'>bibliothecae</span> <span class='ocrx_word' id='word_1_147' title='bbox 548 4043 763 4125; x_wconf 83' lang='lat' dir='ltr'>praefectus,</span> <span class='ocrx_word' id='word_1_148' title='bbox 786 4048 867 4123; x_wconf 82' lang='lat'>1760</span> 
     </span>
     <span class='ocr_line' id='line_1_31' title="bbox 124 4161 867 4247; baseline 0.003 -21"><span class='ocrx_word' id='word_1_149' title='bbox 124 4161 200 4229; x_wconf 89' lang='lat' dir='ltr'>larii</span> <span class='ocrx_word' id='word_1_150' title='bbox 215 4174 347 4247; x_wconf 88' lang='lat' dir='ltr'>custos,</span> <span class='ocrx_word' id='word_1_151' title='bbox 369 4165 427 4228; x_wconf 91' lang='lat' dir='ltr'>die</span> <span class='ocrx_word' id='word_1_152' title='bbox 443 4189 473 4245; x_wconf 90' lang='lat'>4.</span> <span class='ocrx_word' id='word_1_153' title='bbox 490 4165 580 4228; x_wconf 87' lang='lat' dir='ltr'>Nov.</span> <span class='ocrx_word' id='word_1_154' title='bbox 604 4166 762 4229; x_wconf 87' lang='lat' dir='ltr'>eiusdem</span> <span class='ocrx_word' id='word_1_155' title='bbox 784 4166 867 4229; x_wconf 91' lang='lat' dir='ltr'>anni</span> 
     </span>
     <span class='ocr_line' id='line_1_32' title="bbox 124 4286 867 4370; baseline -0.001 -19"><span class='ocrx_word' id='word_1_156' title='bbox 124 4287 163 4351; x_wconf 85' lang='lat' dir='ltr'>rii</span> <span class='ocrx_word' id='word_1_157' title='bbox 186 4288 334 4370; x_wconf 90' lang='lat' dir='ltr'>publici,</span> <span class='ocrx_word' id='word_1_158' title='bbox 362 4286 399 4351; x_wconf 93' lang='lat' dir='ltr'>in</span> <span class='ocrx_word' id='word_1_159' title='bbox 426 4288 545 4350; x_wconf 87' lang='lat' dir='ltr'>album</span> <span class='ocrx_word' id='word_1_160' title='bbox 573 4288 719 4351; x_wconf 90' lang='lat' dir='ltr'>archivii</span> <span class='ocrx_word' id='word_1_161' title='bbox 748 4288 867 4350; x_wconf 88' lang='lat' dir='ltr'>curiae</span> 
     </span>
     <span class='ocr_line' id='line_1_33' title="bbox 124 4409 867 4493; baseline 0.004 -24"><span class='ocrx_word' id='word_1_162' title='bbox 124 4410 189 4473; x_wconf 80' lang='lat' dir='ltr'>tani</span> <span class='ocrx_word' id='word_1_163' title='bbox 199 4409 313 4490; x_wconf 89' lang='lat' dir='ltr'>relati,</span> <span class='ocrx_word' id='word_1_164' title='bbox 324 4409 536 4493; x_wconf 88' lang='lat' dir='ltr'>dignitatem</span> <span class='ocrx_word' id='word_1_165' title='bbox 545 4410 867 4493; x_wconf 88' lang='lat' dir='ltr'>accepit;praecla·</span> 
     </span>
     <span class='ocr_line' id='line_1_34' title="bbox 124 4530 867 4615; baseline -0.001 -21"><span class='ocrx_word' id='word_1_166' title='bbox 124 4548 257 4615; x_wconf 91' lang='lat' dir='ltr'>nsuper</span> <span class='ocrx_word' id='word_1_167' title='bbox 273 4531 488 4595; x_wconf 89' lang='lat' dir='ltr'>architectus</span> <span class='ocrx_word' id='word_1_168' title='bbox 505 4532 593 4595; x_wconf 93' lang='lat' dir='ltr'>obiit</span> <span class='ocrx_word' id='word_1_169' title='bbox 609 4553 639 4610; x_wconf 92' lang='grc'>4.</span> <span class='ocrx_word' id='word_1_170' title='bbox 653 4530 753 4614; x_wconf 88' lang='lat' dir='ltr'>Sept.</span> <span class='ocrx_word' id='word_1_171' title='bbox 776 4535 867 4611; x_wconf 84' lang='grc'><strong>1795.</strong></span> 
     </span>
    </p>
   </div>
   <div class='ocr_carea' id='block_1_5' title="bbox 124 4642 868 4875">
    <p class='ocr_par' dir='ltr' id='par_1_7' title="bbox 124 4642 868 4875">
     <span class='ocr_line' id='line_1_35' title="bbox 124 4642 868 4755; baseline -0.003 -19"><span class='ocrx_word' id='word_1_172' title='bbox 124 4642 263 4754; x_wconf 80' lang='lat' dir='ltr'>Scripta</span> <span class='ocrx_word' id='word_1_173' title='bbox 299 4669 465 4735; x_wconf 89' lang='lat' dir='ltr'>Silvestri</span> <span class='ocrx_word' id='word_1_174' title='bbox 496 4671 736 4755; x_wconf 86' lang='lat' dir='ltr'>Langhayder</span> <span class='ocrx_word' id='word_1_175' title='bbox 773 4671 868 4752; x_wconf 87' lang='lat' dir='ltr'>(vide</span> 
     </span>
     <span class='ocr_line' id='line_1_36' title="bbox 124 4789 554 4875; baseline 0.005 -22"><span class='ocrx_word' id='word_1_176' title='bbox 124 4789 257 4874; x_wconf 87' lang='lat' dir='ltr'>lbauer,</span> <span class='ocrx_word' id='word_1_177' title='bbox 274 4792 314 4854; x_wconf 94' lang='lat' dir='ltr'>P.</span> <span class='ocrx_word' id='word_1_178' title='bbox 331 4792 393 4856; x_wconf 93' lang='lat' dir='ltr'>IV.</span> <span class='ocrx_word' id='word_1_179' title='bbox 409 4812 444 4875; x_wconf 91' lang='lat' dir='ltr'>p.</span> <span class='ocrx_word' id='word_1_180' title='bbox 462 4795 554 4874; x_wconf 83' lang='lat'>239):</span> 
     </span>
    </p>
   </div>
   <div class='ocr_carea' id='block_1_6' title="bbox 124 4914 869 5516">
    <p class='ocr_par' dir='ltr' id='par_1_8' title="bbox 124 4914 867 5097">
     <span class='ocr_line' id='line_1_37' title="bbox 124 4914 867 4993; baseline 0.001 -20"><span class='ocrx_word' id='word_1_181' title='bbox 124 4914 143 4974; x_wconf 87' lang='lat'>1.</span> <span class='ocrx_word' id='word_1_182' title='bbox 174 4916 439 4976; x_wconf 88' lang='lat' dir='ltr'>Senatusconsulti</span> <span class='ocrx_word' id='word_1_183' title='bbox 470 4917 679 4975; x_wconf 87' lang='lat' dir='ltr'>Macedoniani</span> <span class='ocrx_word' id='word_1_184' title='bbox 717 4920 867 4993; x_wconf 86' lang='lat' dir='ltr'>exegesis.</span> 
     </span>
     <span class='ocr_line' id='line_1_38' title="bbox 124 5027 325 5097; baseline -0.01 -18"><span class='ocrx_word' id='word_1_185' title='bbox 124 5040 153 5090; x_wconf 86' lang='lat' dir='ltr'>e,</span> <span class='ocrx_word' id='word_1_186' title='bbox 173 5036 265 5097; x_wconf 94' lang='grc'><strong>1750.</strong></span> <span class='ocrx_word' id='word_1_187' title='bbox 284 5027 325 5078; x_wconf 90' lang='grc'>20.</span> 
     </span>
    </p>

    <p class='ocr_par' dir='ltr' id='par_1_9' title="bbox 124 5123 869 5308">
     <span class='ocr_line' id='line_1_39' title="bbox 124 5123 869 5203; baseline -0.003 -20"><span class='ocrx_word' id='word_1_188' title='bbox 124 5123 158 5184; x_wconf 88' lang='lat'>11.</span> <span class='ocrx_word' id='word_1_189' title='bbox 183 5128 231 5185; x_wconf 90' lang='lat' dir='ltr'>De</span> <span class='ocrx_word' id='word_1_190' title='bbox 255 5128 313 5203; x_wconf 91' lang='lat' dir='ltr'>piis</span> <span class='ocrx_word' id='word_1_191' title='bbox 341 5125 591 5203; x_wconf 85' lang='lat' dir='ltr'>dispositionibus</span> <span class='ocrx_word' id='word_1_192' title='bbox 619 5128 772 5202; x_wconf 86' lang='lat' dir='ltr'>specimen</span> <span class='ocrx_word' id='word_1_193' title='bbox 796 5127 869 5183; x_wconf 91' lang='lat' dir='ltr'>iuris</span> 
     </span>
     <span class='ocr_line' id='line_1_40' title="bbox 124 5229 788 5308; baseline -0.002 -22"><span class='ocrx_word' id='word_1_194' title='bbox 124 5229 488 5308; x_wconf 70' lang='grc'><strong>12111121119111.817110,</strong></span> <span class='ocrx_word' id='word_1_195' title='bbox 510 5244 600 5304; x_wconf 91' lang='grc'><strong>1751.</strong></span> <span class='ocrx_word' id='word_1_196' title='bbox 618 5236 661 5302; x_wconf 88' lang='lat'>4⁰.</span> <span class='ocrx_word' id='word_1_197' title='bbox 684 5243 741 5303; x_wconf 87' lang='lat'>174</span> <span class='ocrx_word' id='word_1_198' title='bbox 757 5249 788 5305; x_wconf 90' lang='lat' dir='ltr'>p.</span> 
     </span>
    </p>

    <p class='ocr_par' dir='ltr' id='par_1_10' title="bbox 124 5331 868 5516">
     <span class='ocr_line' id='line_1_41' title="bbox 124 5331 868 5408; baseline -0.004 -16"><span class='ocrx_word' id='word_1_199' title='bbox 124 5333 172 5393; x_wconf 91' lang='lat'>111.</span> <span class='ocrx_word' id='word_1_200' title='bbox 197 5337 245 5394; x_wconf 88' lang='lat' dir='ltr'>De</span> <span class='ocrx_word' id='word_1_201' title='bbox 271 5334 351 5392; x_wconf 91' lang='lat' dir='ltr'>civili</span> <span class='ocrx_word' id='word_1_202' title='bbox 373 5333 517 5392; x_wconf 83' lang='lat' dir='ltr'>felicitate</span> <span class='ocrx_word' id='word_1_203' title='bbox 541 5334 724 5391; x_wconf 90' lang='lat' dir='ltr'>dissertatio.</span> <span class='ocrx_word' id='word_1_204' title='bbox 749 5331 868 5408; x_wconf 81' lang='lat' dir='ltr'>Styrae‚</span> 
     </span>
     <span class='ocr_line' id='line_1_42' title="bbox 125 5448 321 5516; baseline -0.01 -19"><span class='ocrx_word' id='word_1_205' title='bbox 125 5448 189 5516; x_wconf 91' lang='grc'><strong>.40.</strong></span> <span class='ocrx_word' id='word_1_206' title='bbox 212 5454 270 5514; x_wconf 82' lang='lat'>131</span> <span class='ocrx_word' id='word_1_207' title='bbox 291 5458 321 5516; x_wconf 92' lang='lat' dir='ltr'>p.</span> 
     </span>
    </p>
   </div>
   <div class='ocr_carea' id='block_1_7' title="bbox 940 682 1774 2514">
    <p class='ocr_par' dir='ltr' id='par_1_11' title="bbox 942 682 1772 865">
     <span class='ocr_line' id='line_1_43' title="bbox 1028 682 1772 742; baseline 0.003 -3"><span class='ocrx_word' id='word_1_208' title='bbox 1028 682 1079 739; x_wconf 95' lang='lat' dir='ltr'>IV.</span> <span class='ocrx_word' id='word_1_209' title='bbox 1110 683 1156 739; x_wconf 89' lang='lat' dir='ltr'>De</span> <span class='ocrx_word' id='word_1_210' title='bbox 1184 701 1299 740; x_wconf 90' lang='lat' dir='ltr'>summo</span> <span class='ocrx_word' id='word_1_211' title='bbox 1328 686 1459 741; x_wconf 88' lang='lat' dir='ltr'>civitatis</span> <span class='ocrx_word' id='word_1_212' title='bbox 1480 683 1563 742; x_wconf 92' lang='lat' dir='ltr'>bono</span> <span class='ocrx_word' id='word_1_213' title='bbox 1588 683 1772 742; x_wconf 85' lang='lat' dir='ltr'>dissertatio.</span> 
     </span>
     <span class='ocr_line' id='line_1_44' title="bbox 942 783 1359 865; baseline 0.007 -3"><span class='ocrx_word' id='word_1_214' title='bbox 942 783 1061 862; x_wconf 71' lang='lat' dir='ltr'>Surae·</span> <span class='ocrx_word' id='word_1_215' title='bbox 1083 793 1233 861; x_wconf 66' lang='grc' dir='ltr'>ι75140·</span> <span class='ocrx_word' id='word_1_216' title='bbox 1255 802 1359 865; x_wconf 69' lang='grc'><strong>1191·</strong></span> 
     </span>
    </p>

    <p class='ocr_par' dir='ltr' id='par_1_12' title="bbox 941 890 1773 1180">
     <span class='ocr_line' id='line_1_45' title="bbox 1028 890 1773 970; baseline 0.003 -22"><span class='ocrx_word' id='word_1_217' title='bbox 1028 890 1065 948; x_wconf 89' lang='lat' dir='ltr'>V.</span> <span class='ocrx_word' id='word_1_218' title='bbox 1082 892 1261 967; x_wconf 87' lang='lat' dir='ltr'>Disquisitio</span> <span class='ocrx_word' id='word_1_219' title='bbox 1279 891 1406 950; x_wconf 83' lang='lat' dir='ltr'>furtivae</span> <span class='ocrx_word' id='word_1_220' title='bbox 1417 896 1598 962; x_wconf 88' lang='lat' dir='ltr'>venationis,</span> <span class='ocrx_word' id='word_1_221' title='bbox 1614 895 1653 952; x_wconf 95' lang='lat' dir='ltr'>ad</span> <span class='ocrx_word' id='word_1_222' title='bbox 1669 897 1773 970; x_wconf 88' lang='lat' dir='ltr'>genui·</span> 
     </span>
     <span class='ocr_line' id='line_1_46' title="bbox 941 995 1771 1073; baseline 0.006 -22"><span class='ocrx_word' id='word_1_223' title='bbox 941 1012 979 1051; x_wconf 87' lang='lat' dir='ltr'>na</span> <span class='ocrx_word' id='word_1_224' title='bbox 995 996 1067 1053; x_wconf 90' lang='lat' dir='ltr'>iuris</span> <span class='ocrx_word' id='word_1_225' title='bbox 1080 998 1230 1073; x_wconf 91' lang='lat' dir='ltr'>principia</span> <span class='ocrx_word' id='word_1_226' title='bbox 1241 995 1638 1073; x_wconf 88' lang='lat' dir='ltr'>verumqueGermanorum</span> <span class='ocrx_word' id='word_1_227' title='bbox 1651 1018 1771 1056; x_wconf 88' lang='lat' dir='ltr'>sensum</span> 
     </span>
     <span class='ocr_line' id='line_1_47' title="bbox 942 1099 1727 1180; baseline 0.006 -25"><span class='ocrx_word' id='word_1_228' title='bbox 942 1100 1179 1157; x_wconf 92' lang='lat' dir='ltr'>accommodata.</span> <span class='ocrx_word' id='word_1_229' title='bbox 1196 1099 1427 1176; x_wconf 85' lang='lat' dir='ltr'>Norimbergae‚</span> <span class='ocrx_word' id='word_1_230' title='bbox 1450 1100 1540 1175; x_wconf 88' lang='grc'><strong>1767.</strong></span> <span class='ocrx_word' id='word_1_231' title='bbox 1559 1100 1601 1160; x_wconf 90' lang='grc'><strong>80.</strong></span> <span class='ocrx_word' id='word_1_232' title='bbox 1623 1119 1678 1176; x_wconf 92' lang='grc'>191</span> <span class='ocrx_word' id='word_1_233' title='bbox 1699 1124 1727 1180; x_wconf 93' lang='lat' dir='ltr'>p.</span> 
     </span>
    </p>

    <p class='ocr_par' dir='ltr' id='par_1_13' title="bbox 940 1203 1773 1703">
     <span class='ocr_line' id='line_1_48' title="bbox 1027 1203 1772 1280; baseline 0.004 -19"><span class='ocrx_word' id='word_1_234' title='bbox 1027 1204 1080 1261; x_wconf 89' lang='lat' dir='ltr'>VI.</span> <span class='ocrx_word' id='word_1_235' title='bbox 1096 1205 1341 1280; x_wconf 90' lang='lat' dir='ltr'>Betrachtungen</span> <span class='ocrx_word' id='word_1_236' title='bbox 1357 1203 1433 1263; x_wconf 83' lang='lat' dir='ltr'>ilber</span> <span class='ocrx_word' id='word_1_237' title='bbox 1449 1206 1497 1263; x_wconf 92' lang='lat' dir='ltr'>die</span> <span class='ocrx_word' id='word_1_238' title='bbox 1514 1208 1543 1263; x_wconf 92' lang='lat' dir='ltr'>in</span> <span class='ocrx_word' id='word_1_239' title='bbox 1558 1207 1612 1264; x_wconf 93' lang='lat' dir='ltr'>der</span> <span class='ocrx_word' id='word_1_240' title='bbox 1624 1207 1772 1264; x_wconf 85' lang='lat' dir='ltr'>kurbran·</span> 
     </span>
     <span class='ocr_line' id='line_1_49' title="bbox 941 1307 1772 1388; baseline 0.006 -23"><span class='ocrx_word' id='word_1_241' title='bbox 941 1307 1184 1385; x_wconf 89' lang='lat' dir='ltr'>denburgischen</span> <span class='ocrx_word' id='word_1_242' title='bbox 1199 1308 1396 1385; x_wconf 88' lang='lat' dir='ltr'>Aeusserung</span> <span class='ocrx_word' id='word_1_243' title='bbox 1416 1328 1486 1367; x_wconf 91' lang='lat' dir='ltr'>vom</span> <span class='ocrx_word' id='word_1_244' title='bbox 1508 1324 1558 1385; x_wconf 88' lang='grc'><strong>25.</strong></span> <span class='ocrx_word' id='word_1_245' title='bbox 1580 1310 1665 1388; x_wconf 89' lang='lat' dir='ltr'>Sept.</span> <span class='ocrx_word' id='word_1_246' title='bbox 1693 1311 1772 1386; x_wconf 89' lang='grc'><strong>1778</strong></span> 
     </span>
     <span class='ocr_line' id='line_1_50' title="bbox 940 1413 1773 1488; baseline 0.004 -18"><span class='ocrx_word' id='word_1_247' title='bbox 940 1413 1120 1488; x_wconf 85' lang='lat' dir='ltr'>angeftihrte</span> <span class='ocrx_word' id='word_1_248' title='bbox 1136 1414 1217 1471; x_wconf 87' lang='lat' dir='ltr'>Titel</span> <span class='ocrx_word' id='word_1_249' title='bbox 1238 1414 1296 1470; x_wconf 91' lang='lat' dir='ltr'>und</span> <span class='ocrx_word' id='word_1_250' title='bbox 1319 1414 1411 1471; x_wconf 87' lang='lat' dir='ltr'>deren</span> <span class='ocrx_word' id='word_1_251' title='bbox 1428 1414 1560 1473; x_wconf 87' lang='lat' dir='ltr'>Einiluss</span> <span class='ocrx_word' id='word_1_252' title='bbox 1580 1418 1609 1473; x_wconf 92' lang='lat' dir='ltr'>in</span> <span class='ocrx_word' id='word_1_253' title='bbox 1626 1416 1673 1472; x_wconf 90' lang='lat' dir='ltr'>die</span> <span class='ocrx_word' id='word_1_254' title='bbox 1690 1416 1773 1473; x_wconf 89' lang='lat' dir='ltr'>baie·</span> 
     </span>
     <span class='ocr_line' id='line_1_51' title="bbox 941 1511 1773 1598; baseline 0.002 -23"><span class='ocrx_word' id='word_1_255' title='bbox 941 1517 1041 1575; x_wconf 88' lang='lat' dir='ltr'>rische</span> <span class='ocrx_word' id='word_1_256' title='bbox 1050 1515 1356 1576; x_wconf 88' lang='lat' dir='ltr'>Successionssache.</span> <span class='ocrx_word' id='word_1_257' title='bbox 1369 1516 1399 1598; x_wconf 88' lang='lat' dir='ltr'>(i.</span> <span class='ocrx_word' id='word_1_258' title='bbox 1414 1538 1440 1576; x_wconf 90' lang='lat' dir='ltr'>e.</span> <span class='ocrx_word' id='word_1_259' title='bbox 1454 1511 1723 1578; x_wconf 77' lang='lat' dir='ltr'>considerationes</span> <span class='ocrx_word' id='word_1_260' title='bbox 1736 1521 1773 1577; x_wconf 89' lang='lat' dir='ltr'>de</span> 
     </span>
     <span class='ocr_line' id='line_1_52' title="bbox 941 1621 1597 1703; baseline 0.003 -24"><span class='ocrx_word' id='word_1_261' title='bbox 941 1625 1137 1680; x_wconf 88' lang='lat' dir='ltr'>successione</span> <span class='ocrx_word' id='word_1_262' title='bbox 1152 1621 1320 1703; x_wconf 83' lang='lat' dir='ltr'>Bavarica.)</span> <span class='ocrx_word' id='word_1_263' title='bbox 1341 1636 1432 1698; x_wconf 84' lang='lat'>1779.</span> <span class='ocrx_word' id='word_1_264' title='bbox 1450 1622 1492 1682; x_wconf 91' lang='grc'><strong>80.</strong></span> <span class='ocrx_word' id='word_1_265' title='bbox 1509 1637 1551 1696; x_wconf 78' lang='grc'><strong>50</strong></span> <span class='ocrx_word' id='word_1_266' title='bbox 1567 1643 1597 1701; x_wconf 87' lang='lat' dir='ltr'>p.</span> 
     </span>
    </p>

    <p class='ocr_par' dir='ltr' id='par_1_14' title="bbox 940 1726 1774 2326">
     <span class='ocr_line' id='line_1_53' title="bbox 1026 1726 1773 1804; baseline 0.003 -20"><span class='ocrx_word' id='word_1_267' title='bbox 1026 1727 1093 1785; x_wconf 93' lang='lat' dir='ltr'>VII.</span> <span class='ocrx_word' id='word_1_268' title='bbox 1117 1726 1286 1786; x_wconf 86' lang='lat' dir='ltr'>Gedanken</span> <span class='ocrx_word' id='word_1_269' title='bbox 1309 1746 1371 1785; x_wconf 91' lang='lat' dir='ltr'>von</span> <span class='ocrx_word' id='word_1_270' title='bbox 1395 1728 1449 1786; x_wconf 92' lang='lat' dir='ltr'>der</span> <span class='ocrx_word' id='word_1_271' title='bbox 1468 1729 1611 1786; x_wconf 87' lang='lat' dir='ltr'>Verzicht</span> <span class='ocrx_word' id='word_1_272' title='bbox 1634 1731 1773 1804; x_wconf 87' lang='lat' dir='ltr'>Herzogs</span> 
     </span>
     <span class='ocr_line' id='line_1_54' title="bbox 940 1829 1773 1909; baseline 0.005 -22"><span class='ocrx_word' id='word_1_273' title='bbox 940 1829 1086 1888; x_wconf 90' lang='lat' dir='ltr'>Albrecht</span> <span class='ocrx_word' id='word_1_274' title='bbox 1102 1849 1162 1889; x_wconf 90' lang='lat' dir='ltr'>von</span> <span class='ocrx_word' id='word_1_275' title='bbox 1175 1832 1380 1890; x_wconf 88' lang='lat' dir='ltr'>Oesterreich.</span> <span class='ocrx_word' id='word_1_276' title='bbox 1398 1829 1428 1909; x_wconf 94' lang='lat' dir='ltr'>(i.</span> <span class='ocrx_word' id='word_1_277' title='bbox 1445 1852 1472 1890; x_wconf 89' lang='lat' dir='ltr'>e.</span> <span class='ocrx_word' id='word_1_278' title='bbox 1489 1833 1537 1890; x_wconf 89' lang='lat' dir='ltr'>De</span> <span class='ocrx_word' id='word_1_279' title='bbox 1552 1837 1773 1891; x_wconf 89' lang='lat' dir='ltr'>renuntiatione</span> 
     </span>
     <span class='ocr_line' id='line_1_55' title="bbox 941 1933 1774 2015; baseline 0.001 -23"><span class='ocrx_word' id='word_1_280' title='bbox 941 1934 1057 1993; x_wconf 81' lang='lat' dir='ltr'>Alberti</span> <span class='ocrx_word' id='word_1_281' title='bbox 1082 1936 1166 1993; x_wconf 91' lang='lat' dir='ltr'>ducis</span> <span class='ocrx_word' id='word_1_282' title='bbox 1189 1933 1352 2015; x_wconf 87' lang='lat' dir='ltr'>Austriae.)</span> <span class='ocrx_word' id='word_1_283' title='bbox 1378 1937 1469 1994; x_wconf 88' lang='lat' dir='ltr'>Vide:</span> <span class='ocrx_word' id='word_1_284' title='bbox 1497 1936 1673 2014; x_wconf 89' lang='lat' dir='ltr'>Sammlung</span> <span class='ocrx_word' id='word_1_285' title='bbox 1700 1939 1774 1995; x_wconf 88' lang='lat' dir='ltr'>aller</span> 
     </span>
     <span class='ocr_line' id='line_1_56' title="bbox 941 2038 1773 2109; baseline 0.002 -13"><span class='ocrx_word' id='word_1_286' title='bbox 941 2038 1069 2104; x_wconf 84' lang='lat' dir='ltr'>Staats·.</span> <span class='ocrx_word' id='word_1_287' title='bbox 1086 2039 1163 2097; x_wconf 84' lang='lat' dir='ltr'>Hol-</span> <span class='ocrx_word' id='word_1_288' title='bbox 1184 2041 1244 2097; x_wconf 92' lang='lat' dir='ltr'>und</span> <span class='ocrx_word' id='word_1_289' title='bbox 1260 2039 1673 2109; x_wconf 77' lang='lat' dir='ltr'>Gesandtschaftsschristen,</span> <span class='ocrx_word' id='word_1_290' title='bbox 1696 2043 1773 2098; x_wconf 88' lang='lat' dir='ltr'>auch</span> 
     </span>
     <span class='ocr_line' id='line_1_57' title="bbox 941 2144 1773 2203; baseline 0.002 -3"><span class='ocrx_word' id='word_1_291' title='bbox 941 2144 1069 2201; x_wconf 89' lang='lat' dir='ltr'>anderer</span> <span class='ocrx_word' id='word_1_292' title='bbox 1084 2144 1268 2203; x_wconf 90' lang='lat' dir='ltr'>rechtlichen</span> <span class='ocrx_word' id='word_1_293' title='bbox 1284 2144 1343 2201; x_wconf 90' lang='lat' dir='ltr'>und</span> <span class='ocrx_word' id='word_1_294' title='bbox 1360 2145 1562 2203; x_wconf 88' lang='lat' dir='ltr'>historischen</span> <span class='ocrx_word' id='word_1_295' title='bbox 1578 2145 1773 2203; x_wconf 83' lang='lat' dir='ltr'>Abhandlun·</span> 
     </span>
     <span class='ocr_line' id='line_1_58' title="bbox 942 2247 1703 2326; baseline 0.004 -22"><span class='ocrx_word' id='word_1_296' title='bbox 942 2265 1010 2323; x_wconf 89' lang='lat' dir='ltr'>gen.</span> <span class='ocrx_word' id='word_1_297' title='bbox 1028 2248 1119 2305; x_wconf 89' lang='lat' dir='ltr'>Tom.</span> <span class='ocrx_word' id='word_1_298' title='bbox 1136 2248 1175 2306; x_wconf 94' lang='lat' dir='ltr'>II.</span> <span class='ocrx_word' id='word_1_299' title='bbox 1191 2263 1269 2325; x_wconf 90' lang='lat' dir='ltr'>part.</span> <span class='ocrx_word' id='word_1_300' title='bbox 1286 2250 1340 2307; x_wconf 91' lang='lat' dir='ltr'>III.</span> <span class='ocrx_word' id='word_1_301' title='bbox 1357 2269 1387 2326; x_wconf 98' lang='lat' dir='ltr'>p.</span> <span class='ocrx_word' id='word_1_302' title='bbox 1404 2247 1477 2322; x_wconf 80' lang='grc'><strong>318.</strong></span> <span class='ocrx_word' id='word_1_303' title='bbox 1491 2250 1591 2316; x_wconf 91' lang='lat' dir='ltr'>Wien‚</span> <span class='ocrx_word' id='word_1_304' title='bbox 1613 2264 1703 2324; x_wconf 92' lang='grc'><strong>1779.</strong></span> 
     </span>
    </p>

    <p class='ocr_par' dir='ltr' id='par_1_15' title="bbox 944 2352 1773 2514">
     <span class='ocr_line' id='line_1_59' title="bbox 1029 2352 1773 2430; baseline 0.001 -21"><span class='ocrx_word' id='word_1_305' title='bbox 1029 2352 1110 2410; x_wconf 88' lang='lat' dir='ltr'>VIII.</span> <span class='ocrx_word' id='word_1_306' title='bbox 1132 2354 1179 2410; x_wconf 87' lang='lat' dir='ltr'>De</span> <span class='ocrx_word' id='word_1_307' title='bbox 1201 2356 1319 2429; x_wconf 90' lang='lat' dir='ltr'>origine</span> <span class='ocrx_word' id='word_1_308' title='bbox 1335 2354 1554 2411; x_wconf 85' lang='lat' dir='ltr'>Caesarearum</span> <span class='ocrx_word' id='word_1_309' title='bbox 1575 2355 1773 2430; x_wconf 89' lang='lat' dir='ltr'>Capitulatio·</span> 
     </span>
     <span class='ocr_line' id='line_1_60' title="bbox 944 2476 1022 2514; baseline 0.013 -1"><span class='ocrx_word' id='word_1_310' title='bbox 944 2476 1022 2514; x_wconf 91' lang='lat' dir='ltr'>num.</span> 
     </span>
    </p>
   </div>
   <div class='ocr_carea' id='block_1_8' title="bbox 945 2577 1776 2782">
    <p class='ocr_par' dir='ltr' id='par_1_16' title="bbox 945 2577 1776 2782">
     <span class='ocr_line' id='line_1_61' title="bbox 1030 2577 1776 2660; baseline 0 -20"><span class='ocrx_word' id='word_1_311' title='bbox 1030 2577 1224 2640; x_wconf 88' lang='lat' dir='ltr'>Praeterea</span> <span class='ocrx_word' id='word_1_312' title='bbox 1260 2578 1501 2660; x_wconf 87' lang='lat' dir='ltr'>manuscripta</span> <span class='ocrx_word' id='word_1_313' title='bbox 1541 2578 1683 2660; x_wconf 91' lang='lat' dir='ltr'>reliquit</span> <span class='ocrx_word' id='word_1_314' title='bbox 1722 2598 1776 2640; x_wconf 92' lang='lat' dir='ltr'>se-</span> 
     </span>
     <span class='ocr_line' id='line_1_62' title="bbox 945 2698 1104 2782; baseline 0 -21"><span class='ocrx_word' id='word_1_315' title='bbox 945 2698 1104 2782; x_wconf 90' lang='lat' dir='ltr'>quentia:</span> 
     </span>
    </p>
   </div>
   <div class='ocr_carea' id='block_1_9' title="bbox 944 2823 1778 3736">
    <p class='ocr_par' dir='ltr' id='par_1_17' title="bbox 944 2823 1776 2986">
     <span class='ocr_line' id='line_1_63' title="bbox 1030 2823 1776 2901; baseline 0 -20"><span class='ocrx_word' id='word_1_316' title='bbox 1030 2824 1053 2881; x_wconf 89' lang='lat'>1.</span> <span class='ocrx_word' id='word_1_317' title='bbox 1079 2823 1320 2881; x_wconf 81' lang='lat' dir='ltr'>Observationes</span> <span class='ocrx_word' id='word_1_318' title='bbox 1348 2827 1379 2880; x_wconf 95' lang='lat' dir='ltr'>in</span> <span class='ocrx_word' id='word_1_319' title='bbox 1407 2823 1570 2901; x_wconf 89' lang='lat' dir='ltr'>diplomata</span> <span class='ocrx_word' id='word_1_320' title='bbox 1594 2824 1776 2881; x_wconf 88' lang='lat' dir='ltr'>fundationis</span> 
     </span>
     <span class='ocr_line' id='line_1_64' title="bbox 944 2941 1077 2986; baseline 0 -2"><span class='ocrx_word' id='word_1_321' title='bbox 944 2941 1077 2986; x_wconf 90' lang='lat' dir='ltr'>nostrae.</span> 
     </span>
    </p>

    <p class='ocr_par' dir='ltr' id='par_1_18' title="bbox 945 3032 1777 3214">
     <span class='ocr_line' id='line_1_65' title="bbox 1030 3032 1777 3109; baseline 0.001 -19"><span class='ocrx_word' id='word_1_322' title='bbox 1030 3034 1068 3090; x_wconf 91' lang='grc' dir='ltr'>ΙΙ.</span> <span class='ocrx_word' id='word_1_323' title='bbox 1085 3032 1307 3090; x_wconf 77' lang='lat' dir='ltr'>commentatio</span> <span class='ocrx_word' id='word_1_324' title='bbox 1324 3032 1362 3089; x_wconf 91' lang='lat' dir='ltr'>de</span> <span class='ocrx_word' id='word_1_325' title='bbox 1378 3035 1524 3090; x_wconf 90' lang='lat' dir='ltr'>servitute</span> <span class='ocrx_word' id='word_1_326' title='bbox 1536 3051 1734 3109; x_wconf 89' lang='lat' dir='ltr'>personarum</span> <span class='ocrx_word' id='word_1_327' title='bbox 1748 3037 1777 3091; x_wconf 92' lang='lat' dir='ltr'>in</span> 
     </span>
     <span class='ocr_line' id='line_1_66' title="bbox 945 3135 1588 3214; baseline -0.002 -17"><span class='ocrx_word' id='word_1_328' title='bbox 945 3138 1118 3197; x_wconf 90' lang='lat' dir='ltr'>Germania.</span> <span class='ocrx_word' id='word_1_329' title='bbox 1136 3144 1177 3195; x_wconf 87' lang='grc'><strong>20.</strong></span> <span class='ocrx_word' id='word_1_330' title='bbox 1194 3135 1258 3210; x_wconf 81' lang='grc'>384</span> <span class='ocrx_word' id='word_1_331' title='bbox 1274 3157 1304 3214; x_wconf 93' lang='lat' dir='ltr'>p.</span> <span class='ocrx_word' id='word_1_332' title='bbox 1322 3140 1399 3212; x_wconf 87' lang='lat' dir='ltr'>sign.</span> <span class='ocrx_word' id='word_1_333' title='bbox 1416 3136 1497 3195; x_wconf 93' lang='lat' dir='ltr'>VIII.</span> <span class='ocrx_word' id='word_1_334' title='bbox 1520 3153 1588 3196; x_wconf 94' lang='lat'>101.</span> 
     </span>
    </p>

    <p class='ocr_par' dir='ltr' id='par_1_19' title="bbox 946 3242 1776 3425">
     <span class='ocr_line' id='line_1_67' title="bbox 1031 3242 1776 3320; baseline 0.001 -20"><span class='ocrx_word' id='word_1_335' title='bbox 1031 3244 1083 3300; x_wconf 94' lang='lat' dir='ltr'>III.</span> <span class='ocrx_word' id='word_1_336' title='bbox 1111 3242 1227 3300; x_wconf 91' lang='lat' dir='ltr'>Eadem</span> <span class='ocrx_word' id='word_1_337' title='bbox 1250 3245 1462 3300; x_wconf 87' lang='lat' dir='ltr'>commentatio</span> <span class='ocrx_word' id='word_1_338' title='bbox 1490 3242 1589 3300; x_wconf 92' lang='lat' dir='ltr'>denuo</span> <span class='ocrx_word' id='word_1_339' title='bbox 1617 3246 1776 3320; x_wconf 90' lang='lat' dir='ltr'>rescripta.</span> 
     </span>
     <span class='ocr_line' id='line_1_68' title="bbox 946 3347 1399 3425; baseline -0.004 -19"><span class='ocrx_word' id='word_1_340' title='bbox 946 3355 987 3406; x_wconf 84' lang='lat'>2⁰.</span> <span class='ocrx_word' id='word_1_341' title='bbox 1006 3347 1066 3421; x_wconf 87' lang='grc'>267</span> <span class='ocrx_word' id='word_1_342' title='bbox 1084 3367 1114 3425; x_wconf 92' lang='lat' dir='ltr'>p.</span> <span class='ocrx_word' id='word_1_343' title='bbox 1131 3350 1209 3423; x_wconf 88' lang='lat' dir='ltr'>sign.</span> <span class='ocrx_word' id='word_1_344' title='bbox 1226 3348 1307 3405; x_wconf 90' lang='lat' dir='ltr'>v111.</span> <span class='ocrx_word' id='word_1_345' title='bbox 1329 3362 1399 3404; x_wconf 89' lang='lat'>102.</span> 
     </span>
    </p>

    <p class='ocr_par' dir='ltr' id='par_1_20' title="bbox 946 3451 1778 3736">
     <span class='ocr_line' id='line_1_69' title="bbox 1031 3451 1778 3510; baseline 0 -1"><span class='ocrx_word' id='word_1_346' title='bbox 1031 3452 1082 3509; x_wconf 93' lang='lat' dir='ltr'>IV.</span> <span class='ocrx_word' id='word_1_347' title='bbox 1100 3452 1321 3509; x_wconf 88' lang='lat' dir='ltr'>Commentatio</span> <span class='ocrx_word' id='word_1_348' title='bbox 1338 3451 1375 3508; x_wconf 90' lang='lat' dir='ltr'>de</span> <span class='ocrx_word' id='word_1_349' title='bbox 1391 3452 1551 3509; x_wconf 90' lang='lat' dir='ltr'>advocatia</span> <span class='ocrx_word' id='word_1_350' title='bbox 1571 3453 1778 3510; x_wconf 86' lang='lat' dir='ltr'>ecclesiastica</span> 
     </span>
     <span class='ocr_line' id='line_1_70' title="bbox 946 3556 1776 3633; baseline -0.002 -18"><span class='ocrx_word' id='word_1_351' title='bbox 946 3557 1090 3632; x_wconf 90' lang='lat' dir='ltr'>singulari</span> <span class='ocrx_word' id='word_1_352' title='bbox 1106 3556 1144 3613; x_wconf 91' lang='lat' dir='ltr'>ad</span> <span class='ocrx_word' id='word_1_353' title='bbox 1161 3557 1316 3613; x_wconf 91' lang='lat' dir='ltr'>historiam</span> <span class='ocrx_word' id='word_1_354' title='bbox 1333 3568 1363 3613; x_wconf 88' lang='lat' dir='ltr'>et</span> <span class='ocrx_word' id='word_1_355' title='bbox 1374 3575 1437 3613; x_wconf 92' lang='lat' dir='ltr'>rem</span> <span class='ocrx_word' id='word_1_356' title='bbox 1451 3556 1673 3633; x_wconf 90' lang='lat' dir='ltr'>diplomaticam</span> <span class='ocrx_word' id='word_1_357' title='bbox 1688 3557 1776 3614; x_wconf 89' lang='lat' dir='ltr'>medii</span> 
     </span>
     <span class='ocr_line' id='line_1_71' title="bbox 946 3659 1687 3736; baseline -0.003 -18"><span class='ocrx_word' id='word_1_358' title='bbox 946 3664 1014 3719; x_wconf 89' lang='lat' dir='ltr'>aevi</span> <span class='ocrx_word' id='word_1_359' title='bbox 1030 3659 1214 3719; x_wconf 89' lang='lat' dir='ltr'>elucubrata.</span> <span class='ocrx_word' id='word_1_360' title='bbox 1233 3666 1276 3717; x_wconf 95' lang='grc'>20.</span> <span class='ocrx_word' id='word_1_361' title='bbox 1298 3675 1356 3733; x_wconf 88' lang='lat'>129</span> <span class='ocrx_word' id='word_1_362' title='bbox 1373 3680 1402 3736; x_wconf 94' lang='lat' dir='ltr'>p.</span> <span class='ocrx_word' id='word_1_363' title='bbox 1420 3663 1497 3735; x_wconf 88' lang='lat' dir='ltr'>sign.</span> <span class='ocrx_word' id='word_1_364' title='bbox 1515 3660 1596 3717; x_wconf 90' lang='lat' dir='ltr'>VIll.</span> <span class='ocrx_word' id='word_1_365' title='bbox 1619 3675 1687 3733; x_wconf 84' lang='lat'>103.</span> 
     </span>
    </p>
   </div>
   <div class='ocr_carea' id='block_1_10' title="bbox 947 3782 1778 3962">
    <p class='ocr_par' dir='ltr' id='par_1_21' title="bbox 947 3782 1778 3962">
     <span class='ocr_line' id='line_1_72' title="bbox 1032 3782 1778 3859; baseline -0.001 -18"><span class='ocrx_word' id='word_1_366' title='bbox 1032 3784 1069 3842; x_wconf 95' lang='lat' dir='ltr'>V.</span> <span class='ocrx_word' id='word_1_367' title='bbox 1091 3783 1311 3841; x_wconf 78' lang='lat' dir='ltr'>Commentario</span> <span class='ocrx_word' id='word_1_368' title='bbox 1333 3782 1371 3839; x_wconf 90' lang='lat' dir='ltr'>de</span> <span class='ocrx_word' id='word_1_369' title='bbox 1391 3801 1447 3838; x_wconf 92' lang='lat' dir='ltr'>usu</span> <span class='ocrx_word' id='word_1_370' title='bbox 1468 3785 1541 3839; x_wconf 91' lang='lat' dir='ltr'>iuris</span> <span class='ocrx_word' id='word_1_371' title='bbox 1565 3783 1778 3859; x_wconf 88' lang='lat' dir='ltr'>emphyteutici</span> 
     </span>
     <span class='ocr_line' id='line_1_73' title="bbox 947 3885 1636 3962; baseline -0.001 -19"><span class='ocrx_word' id='word_1_372' title='bbox 947 3890 976 3944; x_wconf 90' lang='lat' dir='ltr'>in</span> <span class='ocrx_word' id='word_1_373' title='bbox 993 3887 1166 3944; x_wconf 87' lang='lat' dir='ltr'>Germania.</span> <span class='ocrx_word' id='word_1_374' title='bbox 1185 3892 1226 3944; x_wconf 95' lang='grc'><strong>20.</strong></span> <span class='ocrx_word' id='word_1_375' title='bbox 1245 3885 1306 3944; x_wconf 92' lang='grc'>208</span> <span class='ocrx_word' id='word_1_376' title='bbox 1323 3905 1353 3962; x_wconf 93' lang='lat' dir='ltr'>p.</span> <span class='ocrx_word' id='word_1_377' title='bbox 1370 3888 1447 3960; x_wconf 87' lang='lat' dir='ltr'>sigu.</span> <span class='ocrx_word' id='word_1_378' title='bbox 1465 3886 1546 3943; x_wconf 91' lang='lat' dir='ltr'>VIII.</span> <span class='ocrx_word' id='word_1_379' title='bbox 1568 3900 1636 3958; x_wconf 91' lang='grc'><strong>104.</strong></span> 
     </span>
    </p>
   </div>
   <div class='ocr_carea' id='block_1_11' title="bbox 1034 4005 1777 4084">
    <p class='ocr_par' dir='ltr' id='par_1_22' title="bbox 1034 4005 1777 4084">
     <span class='ocr_line' id='line_1_74' title="bbox 1034 4005 1777 4084; baseline -0.004 -16"><span class='ocrx_word' id='word_1_380' title='bbox 1034 4010 1085 4068; x_wconf 91' lang='lat' dir='ltr'>v1.</span> <span class='ocrx_word' id='word_1_381' title='bbox 1093 4009 1213 4066; x_wconf 88' lang='lat' dir='ltr'>Theses</span> <span class='ocrx_word' id='word_1_382' title='bbox 1223 4007 1375 4065; x_wconf 90' lang='lat' dir='ltr'>iuridicae.</span> <span class='ocrx_word' id='word_1_383' title='bbox 1387 4013 1428 4064; x_wconf 93' lang='grc'><strong>20.</strong></span> <span class='ocrx_word' id='word_1_384' title='bbox 1438 4005 1480 4064; x_wconf 91' lang='grc'><strong>80</strong></span> <span class='ocrx_word' id='word_1_385' title='bbox 1490 4027 1520 4084; x_wconf 98' lang='lat' dir='ltr'>p.</span> <span class='ocrx_word' id='word_1_386' title='bbox 1530 4008 1694 4083; x_wconf 92' lang='lat' dir='ltr'>sign.VIII.</span> <span class='ocrx_word' id='word_1_387' title='bbox 1710 4024 1777 4082; x_wconf 83' lang='lat'>105.</span> 
     </span>
    </p>
   </div>
   <div class='ocr_carea' id='block_1_12' title="bbox 947 4128 1779 4521">
    <p class='ocr_par' dir='ltr' id='par_1_23' title="bbox 947 4128 1779 4521">
     <span class='ocr_line' id='line_1_75' title="bbox 1035 4128 1779 4207; baseline -0.001 -19"><span class='ocrx_word' id='word_1_388' title='bbox 1035 4132 1101 4189; x_wconf 93' lang='lat' dir='ltr'>VII.</span> <span class='ocrx_word' id='word_1_389' title='bbox 1111 4131 1340 4207; x_wconf 88' lang='lat' dir='ltr'>Responsiones</span> <span class='ocrx_word' id='word_1_390' title='bbox 1349 4128 1587 4205; x_wconf 88' lang='lat' dir='ltr'>praeliminares,</span> <span class='ocrx_word' id='word_1_391' title='bbox 1596 4129 1705 4205; x_wconf 91' lang='lat' dir='ltr'>quibus</span> <span class='ocrx_word' id='word_1_392' title='bbox 1715 4131 1779 4188; x_wconf 90' lang='lat' dir='ltr'>the·</span> 
     </span>
     <span class='ocr_line' id='line_1_76' title="bbox 947 4232 1779 4311; baseline -0.005 -16"><span class='ocrx_word' id='word_1_393' title='bbox 947 4255 998 4295; x_wconf 89' lang='lat' dir='ltr'>ses</span> <span class='ocrx_word' id='word_1_394' title='bbox 1010 4236 1158 4311; x_wconf 89' lang='lat' dir='ltr'>quaedam</span> <span class='ocrx_word' id='word_1_395' title='bbox 1175 4235 1319 4293; x_wconf 91' lang='lat' dir='ltr'>iuridicae</span> <span class='ocrx_word' id='word_1_396' title='bbox 1332 4232 1370 4291; x_wconf 91' lang='lat' dir='ltr'>ab</span> <span class='ocrx_word' id='word_1_397' title='bbox 1382 4233 1693 4292; x_wconf 87' lang='lat' dir='ltr'>animadversionibus</span> <span class='ocrx_word' id='word_1_398' title='bbox 1706 4236 1779 4292; x_wconf 92' lang='lat' dir='ltr'>doc-</span> 
     </span>
     <span class='ocr_line' id='line_1_77' title="bbox 948 4335 1778 4419; baseline -0.004 -20"><span class='ocrx_word' id='word_1_399' title='bbox 948 4354 1047 4399; x_wconf 90' lang='lat' dir='ltr'>torum</span> <span class='ocrx_word' id='word_1_400' title='bbox 1062 4341 1102 4397; x_wconf 90' lang='lat' dir='ltr'>H.</span> <span class='ocrx_word' id='word_1_401' title='bbox 1115 4336 1265 4419; x_wconf 80' lang='lat' dir='ltr'>(Hayden)</span> <span class='ocrx_word' id='word_1_402' title='bbox 1279 4351 1310 4395; x_wconf 88' lang='lat' dir='ltr'>et</span> <span class='ocrx_word' id='word_1_403' title='bbox 1322 4338 1360 4394; x_wconf 89' lang='lat' dir='ltr'>H.</span> <span class='ocrx_word' id='word_1_404' title='bbox 1373 4335 1508 4416; x_wconf 84' lang='lat' dir='ltr'>(Hupka)</span> <span class='ocrx_word' id='word_1_405' title='bbox 1522 4338 1718 4395; x_wconf 90' lang='lat' dir='ltr'>vindicantur.</span> <span class='ocrx_word' id='word_1_406' title='bbox 1737 4347 1778 4396; x_wconf 93' lang='grc'><strong>20.</strong></span> 
     </span>
     <span class='ocr_line' id='line_1_78' title="bbox 949 4441 1319 4521; baseline -0.008 -19"><span class='ocrx_word' id='word_1_407' title='bbox 949 4459 986 4518; x_wconf 78' lang='lat'>23</span> <span class='ocrx_word' id='word_1_408' title='bbox 1006 4464 1035 4521; x_wconf 93' lang='lat' dir='ltr'>p.</span> <span class='ocrx_word' id='word_1_409' title='bbox 1054 4447 1131 4520; x_wconf 91' lang='lat' dir='ltr'>sign.</span> <span class='ocrx_word' id='word_1_410' title='bbox 1148 4445 1228 4503; x_wconf 93' lang='lat' dir='ltr'>VIII.</span> <span class='ocrx_word' id='word_1_411' title='bbox 1251 4441 1319 4500; x_wconf 87' lang='lat'>106.</span> 
     </span>
    </p>
   </div>
   <div class='ocr_carea' id='block_1_13' title="bbox 949 4563 1778 4748">
    <p class='ocr_par' dir='ltr' id='par_1_24' title="bbox 949 4563 1778 4748">
     <span class='ocr_line' id='line_1_79' title="bbox 1034 4563 1778 4641; baseline -0.004 -17"><span class='ocrx_word' id='word_1_412' title='bbox 1034 4567 1115 4625; x_wconf 92' lang='lat' dir='ltr'>VIII.</span> <span class='ocrx_word' id='word_1_413' title='bbox 1137 4566 1287 4641; x_wconf 90' lang='lat' dir='ltr'>Principia</span> <span class='ocrx_word' id='word_1_414' title='bbox 1304 4567 1377 4620; x_wconf 92' lang='lat' dir='ltr'>iuris</span> <span class='ocrx_word' id='word_1_415' title='bbox 1394 4564 1540 4621; x_wconf 90' lang='lat' dir='ltr'>colonarii</span> <span class='ocrx_word' id='word_1_416' title='bbox 1557 4563 1778 4622; x_wconf 89' lang='lat' dir='ltr'>Germanorum</span> 
     </span>
     <span class='ocr_line' id='line_1_80' title="bbox 949 4668 1777 4748; baseline -0.004 -19"><span class='ocrx_word' id='word_1_417' title='bbox 949 4673 1092 4748; x_wconf 92' lang='lat' dir='ltr'>opposita</span> <span class='ocrx_word' id='word_1_418' title='bbox 1101 4671 1157 4726; x_wconf 88' lang='lat' dir='ltr'>iuri</span> <span class='ocrx_word' id='word_1_419' title='bbox 1167 4670 1370 4726; x_wconf 91' lang='lat' dir='ltr'>Romanorum</span> <span class='ocrx_word' id='word_1_420' title='bbox 1381 4668 1615 4744; x_wconf 86' lang='lat' dir='ltr'>emphyteutico.</span> <span class='ocrx_word' id='word_1_421' title='bbox 1627 4674 1668 4725; x_wconf 91' lang='grc'>20.</span> <span class='ocrx_word' id='word_1_422' title='bbox 1680 4668 1741 4742; x_wconf 89' lang='grc'><strong>289</strong></span> <span class='ocrx_word' id='word_1_423' title='bbox 1748 4688 1777 4745; x_wconf 89' lang='lat' dir='ltr'>p.</span> 
     </span>
    </p>
   </div>
   <div class='ocr_carea' id='block_1_14' title="bbox 949 4817 1779 5025">
    <p class='ocr_par' dir='ltr' id='par_1_25' title="bbox 949 4817 1779 5025">
     <span class='ocr_line' id='line_1_81' title="bbox 1034 4817 1779 4911; baseline 0 -23"><span class='ocrx_word' id='word_1_424' title='bbox 1034 4817 1194 4911; x_wconf 80' lang='lat' dir='ltr'>Larger</span> <span class='ocrx_word' id='word_1_425' title='bbox 1214 4825 1438 4889; x_wconf 88' lang='lat' dir='ltr'>Mauritius</span> <span class='ocrx_word' id='word_1_426' title='bbox 1454 4826 1696 4907; x_wconf 78' lang='lat' dir='ltr'>(Murensis),</span> <span class='ocrx_word' id='word_1_427' title='bbox 1718 4846 1779 4888; x_wconf 92' lang='lat' dir='ltr'>na·</span> 
     </span>
     <span class='ocr_line' id='line_1_82' title="bbox 949 4941 1779 5025; baseline -0.004 -17"><span class='ocrx_word' id='word_1_428' title='bbox 949 4953 1006 5008; x_wconf 89' lang='lat' dir='ltr'>tus</span> <span class='ocrx_word' id='word_1_429' title='bbox 1022 4951 1078 5007; x_wconf 91' lang='lat' dir='ltr'>est</span> <span class='ocrx_word' id='word_1_430' title='bbox 1093 4943 1129 5006; x_wconf 91' lang='lat' dir='ltr'>in</span> <span class='ocrx_word' id='word_1_431' title='bbox 1143 4943 1277 5025; x_wconf 91' lang='lat' dir='ltr'>oppido</span> <span class='ocrx_word' id='word_1_432' title='bbox 1291 4941 1374 5007; x_wconf 90' lang='lat' dir='ltr'>Sulz</span> <span class='ocrx_word' id='word_1_433' title='bbox 1390 4943 1426 5006; x_wconf 91' lang='lat' dir='ltr'>in</span> <span class='ocrx_word' id='word_1_434' title='bbox 1438 4943 1581 5007; x_wconf 88' lang='lat' dir='ltr'>Alsatia</span> <span class='ocrx_word' id='word_1_435' title='bbox 1596 4944 1779 5025; x_wconf 90' lang='lat' dir='ltr'>superiore</span> 
     </span>
    </p>
   </div>
   <div class='ocr_carea' id='block_1_15' title="bbox 948 5064 1781 5514">
    <p class='ocr_par' dir='ltr' id='par_1_26' title="bbox 948 5064 1781 5514">
     <span class='ocr_line' id='line_1_83' title="bbox 949 5064 1779 5145; baseline -0.002 -15"><span class='ocrx_word' id='word_1_436' title='bbox 949 5067 1007 5130; x_wconf 92' lang='lat' dir='ltr'>die</span> <span class='ocrx_word' id='word_1_437' title='bbox 1028 5087 1075 5130; x_wconf 89' lang='lat'>12.</span> <span class='ocrx_word' id='word_1_438' title='bbox 1091 5066 1197 5129; x_wconf 91' lang='lat' dir='ltr'>Mart.</span> <span class='ocrx_word' id='word_1_439' title='bbox 1215 5069 1305 5145; x_wconf 83' lang='lat'>1725.</span> <span class='ocrx_word' id='word_1_440' title='bbox 1329 5065 1434 5129; x_wconf 89' lang='lat' dir='ltr'>Votis</span> <span class='ocrx_word' id='word_1_441' title='bbox 1451 5084 1491 5127; x_wconf 89' lang='lat' dir='ltr'>se</span> <span class='ocrx_word' id='word_1_442' title='bbox 1503 5064 1582 5128; x_wconf 93' lang='lat' dir='ltr'>Deo</span> <span class='ocrx_word' id='word_1_443' title='bbox 1595 5084 1779 5129; x_wconf 89' lang='lat' dir='ltr'>consecra-</span> 
     </span>
     <span class='ocr_line' id='line_1_84' title="bbox 948 5186 1780 5268; baseline -0.002 -16"><span class='ocrx_word' id='word_1_444' title='bbox 948 5190 1001 5252; x_wconf 90' lang='lat' dir='ltr'>vit</span> <span class='ocrx_word' id='word_1_445' title='bbox 1016 5189 1074 5252; x_wconf 91' lang='lat' dir='ltr'>die</span> <span class='ocrx_word' id='word_1_446' title='bbox 1092 5191 1142 5251; x_wconf 84' lang='lat'>25.</span> <span class='ocrx_word' id='word_1_447' title='bbox 1159 5188 1264 5253; x_wconf 88' lang='lat' dir='ltr'>Mart.</span> <span class='ocrx_word' id='word_1_448' title='bbox 1285 5191 1365 5268; x_wconf 83' lang='grc'><strong>1745</strong></span> <span class='ocrx_word' id='word_1_449' title='bbox 1383 5198 1419 5251; x_wconf 90' lang='lat' dir='ltr'>et</span> <span class='ocrx_word' id='word_1_450' title='bbox 1435 5186 1595 5251; x_wconf 90' lang='lat' dir='ltr'>ordinem</span> <span class='ocrx_word' id='word_1_451' title='bbox 1615 5189 1780 5250; x_wconf 91' lang='lat' dir='ltr'>sacerdo-</span> 
     </span>
     <span class='ocr_line' id='line_1_85' title="bbox 948 5310 1780 5388; baseline -0.004 -13"><span class='ocrx_word' id='word_1_452' title='bbox 948 5312 1055 5375; x_wconf 89' lang='lat' dir='ltr'>talem</span> <span class='ocrx_word' id='word_1_453' title='bbox 1072 5311 1226 5375; x_wconf 91' lang='lat' dir='ltr'>obtinuit</span> <span class='ocrx_word' id='word_1_454' title='bbox 1239 5310 1296 5374; x_wconf 91' lang='lat' dir='ltr'>die</span> <span class='ocrx_word' id='word_1_455' title='bbox 1309 5316 1361 5375; x_wconf 83' lang='lat'>31.</span> <span class='ocrx_word' id='word_1_456' title='bbox 1371 5311 1476 5374; x_wconf 89' lang='lat' dir='ltr'>Mart.</span> <span class='ocrx_word' id='word_1_457' title='bbox 1490 5314 1581 5388; x_wconf 89' lang='lat'>1748.</span> <span class='ocrx_word' id='word_1_458' title='bbox 1599 5310 1684 5373; x_wconf 90' lang='lat' dir='ltr'>Erat</span> <span class='ocrx_word' id='word_1_459' title='bbox 1698 5328 1780 5372; x_wconf 88' lang='lat' dir='ltr'>can·</span> 
     </span>
     <span class='ocr_line' id='line_1_86' title="bbox 950 5430 1781 5514; baseline -0.002 -19"><span class='ocrx_word' id='word_1_460' title='bbox 950 5433 1114 5496; x_wconf 88' lang='lat' dir='ltr'>cellariae</span> <span class='ocrx_word' id='word_1_461' title='bbox 1132 5433 1295 5514; x_wconf 89' lang='lat' dir='ltr'>director,</span> <span class='ocrx_word' id='word_1_462' title='bbox 1317 5433 1399 5496; x_wconf 89' lang='lat' dir='ltr'>dein</span> <span class='ocrx_word' id='word_1_463' title='bbox 1420 5435 1588 5512; x_wconf 83' lang='lat'>1754-60</span> <span class='ocrx_word' id='word_1_464' title='bbox 1604 5430 1781 5512; x_wconf 89' lang='lat' dir='ltr'>parochus</span> 
     </span>
    </p>
   </div>
   <div class='ocr_carea' id='block_1_16' title="bbox 0 0 2030 6260">
    <p class='ocr_par' dir='ltr' id='par_1_27' title="bbox 0 0 2030 6260">
     <span class='ocr_line' id='line_1_87' title="bbox 0 0 2030 6260; baseline 0 0"><span class='ocrx_word' id='word_1_465' title='bbox 0 0 2030 6260; x_wconf 95' lang='lat' dir='ltr'> </span> 
     </span>
    </p>
   </div>
  </div>
 </body>
</html>
