4034 6262
241 116 315 168 tum
339 103 452 167 induit
478 103 513 167 in
541 104 757 169 monasterio
781 126 808 170 s.
833 105 1013 169 Lamberti
1037 104 1073 169 in

243 225 363 311 Styria
389 231 436 290 15.
453 223 554 307 Sept.
576 230 667 308 1715,
691 228 754 291 ubi
777 228 876 292 vovit
899 227 1074 291 stabilita·

157 340 187 367 ⁴
242 359 313 412 tem
331 368 381 428 ²7·
394 350 480 411 Dec.
498 354 590 428 1716.
606 349 796 414 Absolutis
808 349 935 413 studiis
947 349 983 413 in
995 349 1074 431 ipso

241 471 457 535 monasterio
482 490 547 535 suo
572 482 609 536 et
632 472 824 537 celebratis
844 472 1009 556 primitiis
1032 474 1075 555 (2.

242 593 321 660 Oct.
336 596 429 677 1718)
442 594 559 658 factus
570 604 625 659 est
634 595 785 659 sacrista
793 607 829 659 et
837 615 984 678 praeses
993 615 1075 658 con·

242 718 492 801 gregationum
518 720 563 780 ad
587 738 614 780 s,
633 718 874 797 Lambertum,
898 719 1075 799 parochus

242 839 277 902 in
298 838 503 903 Edlschrott
526 842 734 922 (1732-37),
758 861 903 923 praeses
927 860 1074 923 congre·

241 961 1074 1045 gationuminCellisB.V.,parochusinScheif·

242 1082 531 1165 linglr753—56),
541 1085 680 1146 demum
690 1085 1074 1148 concionatoretoeco·

243 1224 367 1268 nomus
390 1207 436 1267 ad
458 1205 575 1269 Cellas
598 1207 638 1269 B.
652 1207 711 1289 V,
736 1207 796 1269 ubi
820 1207 909 1269 obiit
932 1228 962 1284 o.
985 1206 1073 1270 Dec.

248 1335 327 1409 1769
345 1330 528 1409 professus
545 1342 581 1393 et
597 1331 763 1393 sacerdos
781 1329 948 1393 iubilaris.

332 1450 468 1514 Edidit:

330 1580 352 1636 Ι.
378 1579 488 1636 Preces
515 1577 676 1636 familiares
704 1582 731 1635 in
760 1598 845 1634 usum
869 1578 1074 1653 quotidianum

243 1690 412 1749 sacerdotis
428 1687 572 1762 religiosi.
598 1683 716 1760 Styrae,
735 1685 816 1760 typis
831 1682 977 1758 Gregorii
991 1684 1074 1739 Men·

242 1794 339 1851 hardt.
361 1806 451 1865 1752.
469 1789 511 1847 8⁰.
529 1806 569 1863 99
579 1809 608 1865 p.
627 1787 764 1844 Libellus
777 1789 899 1863 saepius
916 1789 1075 1862 reimpres·

243 1918 296 1957 sus
312 1910 368 1963 est,
385 1897 456 1970 quia
471 1892 658 1951 Lambertini
675 1892 829 1966 hucusque
845 1910 883 1948 eo
900 1903 1031 1946 utuntur.

328 2002 366 2058 11.
392 1999 593 2056 Auscrlesene
613 1996 751 2052 Andacht
773 1993 826 2051 auf
846 1995 903 2051 (len
924 1993 1074 2050 Geburts·

187 2130 190 2134 ⁴
244 2107 319 2165 oder
332 2107 516 2177 Namenstag
530 2103 613 2158 eines
623 2100 893 2175 jedenMenschen,
906 2098 1074 2156 bestehend

245 2214 275 2269 in
290 2212 374 2267 einer
391 2209 520 2283 'l‘agzeit
537 2205 595 2262 und
612 2206 740 2261 Litanei.
766 2200 795 2282 (i.
816 2223 842 2261 e.
864 2203 987 2260 Selecta
1011 2205 1074 2280 pie·

244 2318 314 2374 tatis
331 2314 476 2371 exercitia
497 2313 525 2367 in
545 2310 594 2367 die
614 2309 703 2366 natali
724 2322 755 2366 et
770 2310 958 2365 onomastico
974 2309 1073 2365 cuius·

243 2423 290 2479 vis
306 2415 457 2495 hominis.)
481 2414 600 2491 Steyer,
621 2413 770 2489 gedruckt
786 2412 833 2469 bei
850 2411 974 2487 Gregor
990 2412 1073 2468 Men·

244 2526 341 2583 hardt.
365 2530 423 2580 12⁰.

331 2669 510 2744 Muchar
528 2667 579 2742 de
597 2665 705 2739 Bied
724 2675 765 2740 et
783 2665 988 2761 Rangseld
1007 2677 1073 2739 Al-

243 2804 388 2865 bertus
413 2794 757 2880 (Admontensis),
781 2805 885 2858 natus
912 2816 961 2856 22.
982 2793 1072 2857 Nov.

248 2927 328 3004 1786
351 2922 385 2984 in
408 2920 541 3002 oppido
557 2917 731 2980 Tirolensi
747 2917 853 2980 Lienz
874 2928 991 2999 patre,
1013 2916 1073 2997 qui

243 3057 321 3110 erat
338 3065 366 3107 c.
378 3064 404 3107 r.
417 3042 606 3105 fundorum
619 3040 838 3122 publicorum
851 3039 1073 3103 administra·

243 3180 310 3248 tor,
325 3166 456 3228 ibidem
470 3163 600 3226 scholis
613 3161 838 3224 inferioribus
851 3161 999 3244 egregie
1012 3164 1073 3223 ab·

242 3289 369 3354 solutis
395 3285 583 3351 Graecium
608 3284 643 3346 in
669 3282 777 3347 Stiria
801 3284 929 3345 missus
958 3282 1072 3346 estin

1153 106 1312 188 Aridam,
1333 107 1477 171 natione
1493 106 1723 188 Maronitam,
1745 115 1827 170 tunc
1847 117 2015 197 tempo,

1153 229 1202 292 ris
1215 228 1330 292 virum
1346 249 1478 314 magna
1493 229 1694 294 eruditione
1710 227 1895 313 florentem,
1922 254 2008 325 qui

1154 353 1308 416 docebat
1323 352 1481 436 linguam
1496 351 1703 432 Arabicam,
1719 371 1759 415 se
1772 352 1928 439 contulit,
1949 384 2004 434 ut

1155 474 1348 538 reconditis
1367 474 1496 538 litteris
1511 494 1550 539 se
1567 475 1754 539 imbueret.
1778 474 1878 538 Anno
1896 486 1995 550 ¹812

1155 597 1313 678 suscepit
1329 606 1366 660 et
1381 616 1508 660 munus
1524 596 1742 680 explanandi
1759 616 1787 659 s.
1800 595 1903 660 libros
1915 622 1993 667 tre-

1154 719 1240 782 teris
1249 718 1404 783 foederis
1419 731 1455 782 et
1468 719 1620 782 docendi
1632 719 1777 802 linguas
1785 717 1989 799 orientales,

1158 846 1236 904 1813
1254 841 1546 904 bibliothecarius
1562 850 1599 904 et
1615 840 1833 903 archivarius
1850 839 1989 905 factus:

1159 967 1325 1042 1814—18
1338 962 1497 1027 Graecos
1513 963 1708 1046 scriptores
1721 964 1757 1027 in
1770 962 1992 1047 philosophi-

1155 1107 1197 1150 co
1213 1087 1376 1150 instituto
1393 1087 1598 1150 monasterii
1619 1086 1903 1169 interpretabatur
1915 1082 1997 1147 si·

1154 1212 1296 1293 mulque
1313 1210 1517 1291 parochiam
1533 1210 1744 1272 Hallensem
1759 1208 1894 1272 vicarius
1908 1221 2003 1271 re·

1153 1335 1264 1415 gebat
1276 1334 1323 1395 ad
1342 1335 1435 1401 1823:
1452 1351 1517 1412 per
1529 1351 1619 1412 quos
1632 1330 1798 1394 undecim
1809 1330 2008 1394 11111οεί11-

1154 1465 1298 1536 gentem
1309 1457 1600 1533 membranarum,
1612 1452 1859 1533 chronicorum,
1867 1453 2014 1529 scrip-

1155 1587 1269 1639 torum
1289 1575 1548 1638 multitudinem
1565 1576 1769 1659 colligebat,
1785 1582 1989 1658 perscruta

1155 1702 1274 1779 batur,
1299 1699 1532 1778 excerpebat,
1561 1718 1631 1779 qua
1655 1697 1802 1760 materia
1824 1706 1985 1759 uteretu

1155 1820 1225 1882 illis
1252 1819 1351 1882 libris
1375 1819 1599 1881 historiarum
1624 1817 1755 1883 Stiriae
1777 1813 2002 1882 scribendis

1155 1943 1285 2024 quibus
1298 1944 1458 2022 loannes,
1472 1941 1645 2003 archidux
1658 1939 1798 2022 Stiriae,
1813 1941 1867 2003 ille
1877 1938 1995 2002 Mae

1155 2087 1262 2130 cenas
1285 2066 1437 2128 virorum
1464 2066 1667 2146 doctorum,
1692 2064 1760 2127 iam
1783 2083 1870 2127 anno
1893 2067 1976 2124 181

1155 2189 1349 2271 praemium
1366 2196 1611 2270 proposuerat.
1637 2187 1744 2249 Anno
1769 2190 1845 2250 1823
1868 2183 1998 2248 Grae

1155 2311 1247 2375 cium
1263 2319 1412 2373 vocatus
1429 2308 1610 2391 professor
1627 2309 1799 2389 supplens
1814 2307 1952 2370 libroru

1154 2453 1334 2496 sacrorum
1366 2431 1498 2495 veteris
1528 2431 1703 2505 foederis;
1735 2451 1805 2513 quo
1838 2438 2010 2493 muner

1158 2561 1236 2620 1825
1248 2556 1403 2637 dimisso,
1415 2555 1450 2617 in
1462 2554 1713 2637 philosophica
1723 2553 1887 2618 facultate
1897 2541 1991 2634 phi

1152 2679 1320 2762 lologiam
1336 2690 1372 2741 et
1388 2678 1631 2758 aestheticam,
1652 2677 1809 2740 doctoris
1828 2675 2012 2758 philoso-

1153 2800 1258 2881 phiae
1275 2800 1449 2882 dignitate
1462 2809 1598 2880 auctus,
1611 2799 1776 2878 docebat,
1793 2797 1908 2860 decani
1922 2798 2009 2855 at·

1153 2943 1222 3005 que
1242 2921 1391 2985 rectoris
1411 2920 1655 2983 universitatis
1676 2918 1884 2984 Graecensrs
1901 2928 2005 2979 inu·

1155 3064 1239 3108 nere
1255 3044 1398 3107 functus
1414 3061 1528 3125 usque
1543 3044 1590 3105 ad
1607 3042 1744 3105 obitum
1762 3045 1840 3121 1849
1853 3046 1878 3103 6.
1890 3040 1998 3106 Iun-5

1153 3167 1244 3230 febri
1260 3184 1412 3229 nervosa
1428 3171 1623 3245 correptus.
1649 3164 1725 3246 Ille,
1747 3163 1803 3227 cui
1822 3173 1872 3225 tot
1889 3172 1994 3224 tam·

1156 3309 1224 3371 que
1255 3287 1426 3371 gravibus
1458 3295 1634 3367 occupato
1665 3285 1818 3367 publicis
1846 3277 1988 3351 officiis»

242 3409 468 3497 philosophia
485 3407 717 3477 erudiendus;
743 3427 834 3487 quae
856 3405 974 3469 studia
996 3426 1073 3469 cum
1155 3411 1348 3494 quidquam
1363 3408 1534 3490 temporis
1550 3407 1676 3489 reliqui
1693 3406 1813 3490 fuisse,
1830 3406 1883 3467 v‘m
1899 3415 1985 3464 cre·

243 3552 409 3599 emensus
423 3540 518 3593 esset
530 3529 685 3592 maxima
698 3548 776 3591 cum
789 3530 904 3609 laude,
919 3528 1075 3591 Admon-
1155 3534 1304 3613 dideris‚
1333 3531 1557 3594 nihilominus
1585 3530 1706 3593 munia
1733 3529 1863 3609 omnia,
1883 3534 1982 3607 quae

243 3657 337 3722 tensi
349 3653 563 3718 monasterio
575 3651 886 3714 Benedictinorum
901 3662 1075 3732 exceptus
1114 3708 1116 3753 ,
1155 3668 1237 3720 sunt
1254 3657 1338 3737 eius,
1363 3654 1423 3735 qui
1449 3664 1504 3716 est
1525 3673 1546 3715 a
1567 3653 1718 3716 secretis
1738 3647 1904 3716 societatis
1913 3639 1979 3705 hi-

244 3802 266 3844 a
278 3778 480 3843 Gotthardo
493 3778 635 3857 abbate,
649 3774 776 3837 illustri
788 3774 984 3837 litterarum
999 3774 1075 3836 fau·
1114 3756 1117 3869 1
1156 3778 1287 3842 storias
1300 3775 1441 3858 Stiriae,
1456 3775 1620 3857 privatae
1632 3774 1695 3856 rei,
1712 3785 1866 3837 strenuus
1877 3759 1979 3831 subi-

244 3911 332 3980 tore,
355 3919 447 3962 anno
473 3902 552 3959 1808
575 3897 632 3959 die
654 3901 700 3958 ro.
718 3893 796 3959 Oct.
817 3895 1076 3977 professionem
1114 3874 1117 3967 ἶ
1156 3903 1219 3963 bat
1235 3918 1350 3980 neque
1367 3899 1491 3961 deerat
1507 3897 1559 3978 iis,
1581 3897 1644 3979 qui
1664 3893 1979 3960 consulenteseum

245 4021 362 4085 emisit
378 4021 594 4083 sollemnem.
617 4016 689 4080 Ubi
703 4037 781 4080 cum
798 4016 1009 4099 theologicis
1025 4016 1076 4079 di·
1116 4046 1118 4123 1
1157 4021 1313 4084 adibant.
1338 4021 1421 4102 lpse
1438 4039 1517 4082 cum
1534 4018 1769 4102 Wartingero
1789 4004 1980 4081 111111111ἱ(1

244 4143 404 4224 sciplinis
414 4142 449 4204 in
459 4140 581 4222 primis
594 4139 724 4223 linguis
736 4139 966 4201 orientalibus
975 4158 1076 4219 prae·
1116 4178 1119 4241 3
1156 4152 1281 4205 auctor
1301 4139 1696 4224 societatishistoricae
1713 4139 1835 4205 Stiriae
1848 4116 1981 4197 consti·

245 4266 385 4347 cipuam
406 4284 552 4346 operam
573 4265 744 4344 navabat,
764 4272 838 4323 tum
861 4261 1002 4343 linguas
1024 4280 1076 4324 re·
1116 4254 1118 4265 '
1157 4265 1311 4327 tuendae
1335 4274 1389 4325 est
1411 4263 1615 4343 habendus,
1645 4271 1682 4324 et
1709 4259 1846 4324 consilio
1864 4259 1889 4315 et
1902 4253 1978 4306 re·

245 4389 422 4450 centiores
435 4387 606 4465 Italicam,
621 4384 942 4466 Franco-gallicam
955 4394 991 4446 et
1004 4383 1077 4446 An·
1116 4392 1119 4419 ¹
1157 4386 1232 4449 Iam
1248 4405 1335 4449 vero
1356 4404 1507 4468 magnae
1529 4383 1741 4448 eruditionis
1764 4392 1799 4445 et
1816 4365 1975 4442 acrisiss‘

245 4509 376 4592 glicam
393 4509 566 4570 discebat.
588 4506 782 4589 Presbyter
795 4516 939 4568 ornatus
957 4527 982 4570 1.
997 4504 1076 4569 Oct.
1116 4478 1118 4525 ³
1157 4507 1255 4591 genii
1271 4507 1422 4588 plurima
1437 4515 1575 4569 restant
1591 4507 1759 4588 exempla
1775 4504 1806 4567 in
1820 4492 1968 4565 omnib1²²⁵

252 4633 331 4707 ¹809
349 4630 428 4692 Deo
445 4628 678 4710 omnipotenti
696 4629 844 4710 primam
867 4627 996 4689 obtulit
1016 4628 1077 4689 ho·
1116 4702 1119 4717 .
1158 4628 1233 4691 eius
1248 4626 1474 4691 historiarum
1489 4626 1599 4709 libris,
1623 4626 1686 4709 qui
1702 4634 1867 4699 testantur,
1881 4612 1958 4675 0l¹¹¹

247 4749 361 4811 stiam.
374 4751 444 4812 Pro
454 4749 537 4831 acri,
549 4767 619 4829 quo
629 4759 714 4831 erat,
724 4750 919 4812 litterarum
927 4748 1076 4829 fervore,
1116 4733 1118 4809 1
1158 4750 1321 4813 omnibus
1337 4749 1472 4812 artibus
1488 4748 1702 4813 instructum
1717 4749 1830 4825 fuisse,
1848 4734 1947 4823 quibu&

247 4889 317 4931 non
331 4881 519 4933 contentus
533 4868 1078 4953 scientiavulgari,Viennamad
1115 4886 1118 4929 ι
1157 4870 1387 4953 perficiuntur
1410 4889 1535 4952 opera,
1559 4890 1654 4952 quae
1685 4879 1830 4934 aetatem
1848 4852 1934 4926 ferunt

1564 5142 1583 5183 Ο
